2308 2946
1042 158 1050 161 c
1062 112 1161 161 ,1ἓο
1178 156 1180 158 ,
1192 156 1195 158 ,

240 215 431 246 Abdominis
460 215 540 245 nihil
567 215 695 245 videtur
723 216 785 244 11151
813 214 1005 255 fragmenta.
1058 214 1277 245 Clarissimum
1307 219 1507 256 segmentum
1531 215 1717 252 secundum,
1743 215 1785 246 ad
1807 215 1909 246 instar
1939 215 2034 246 sellae
2065 215 2135 246 for-

88 262 215 295 matum,
238 269 350 288 versus
373 258 473 288 latera
495 258 651 299 glabrum,
675 258 780 294 breve,
806 259 890 287 sicut
912 259 945 287 in
967 257 1216 298 Nymphaeope.

241 301 290 331 De
314 301 506 331 collocando
530 301 594 330 1100
618 304 785 330 crustaceo
815 300 848 330 in
878 304 1053 342 systemate
1084 305 1116 330 et
1145 300 1290 330 dubitavi
1319 304 1350 330 et
1378 311 1465 330 nunc
1493 303 1587 331 etiam
1625 301 1750 334 dubito
1807 302 1915 332 Primo
1955 305 2136 342 conspectu

89 344 326 384 Hoplopariam
349 355 420 374 esse
442 343 494 373 vel
517 343 752 384 Oncopareiam
775 343 954 380 censebam,
979 344 1129 373 astacinis
1152 344 1249 381 igitur
1271 343 1528 374 adscribendum.
1575 344 1673 382 Quod
1697 345 1723 374 si
1746 356 1779 375 re
1802 355 1878 375 vera
1894 348 1951 379 est,
1975 344 2133 385 fragmen-

90 391 156 417 tum
180 387 261 417 illud
284 387 376 427 pedis
401 387 568 417 anterioris
592 386 754 416 maxillam
776 385 920 416 ultimam
944 396 1014 416 esse
1039 382 1269 427 accipiendum.
1314 386 1468 426 Lapidem
1491 387 1576 417 ultra
1600 387 1771 418 elaborans
1802 388 1909 418 detexi
1939 387 2056 417 claram
2086 387 2132 417 la—

89 430 215 460 mellam
237 434 448 460 antennarum
472 435 687 463 externarum,
708 439 865 470 magnam,
890 433 927 459 ut
950 439 1032 470 quae
1056 429 1087 458 in
1112 431 1265 459 astacinis
1290 440 1453 469 nunquam
1478 436 1572 460 antea
1594 433 1672 460 visa.
1718 430 1816 468 Quod
1838 430 2014 460 membrum
2042 430 2134 460 haud

89 473 167 503 satis
192 472 329 503 alienum
353 478 410 509 est,
437 483 531 513 quam
554 478 591 502 ut
614 473 827 502 astacinarum
851 473 1110 502 communitatem
1134 472 1295 507 defendat,
1321 483 1419 513 quum
1442 475 1558 522 possit,
1582 478 1618 504 ut
1641 476 1804 504 astacinae
1835 484 1965 514 quoque
1995 473 2133 503 lamellis

87 516 213 549 validis,
240 516 391 547 ovalibus
415 520 553 546 armatae
582 517 796 546 inveniantur.
846 515 1066 555 Exceptiones
1096 516 1177 545 enim
1209 515 1248 545 de
1275 515 1345 555 lege
1375 517 1533 546 communi
1564 528 1797 558 nonnunquam
1827 517 1953 547 evenire
1982 516 2135 547 docemur

87 559 244 599 exemplo.
290 559 486 594 taridarum,
512 569 592 599 quas
616 558 680 588 hoc
704 569 820 599 magno
844 558 958 588 lamine
982 558 1158 587 instructas
1183 569 1252 588 csse
1276 559 1405 593 scimus,
1432 564 1569 599 excepto
1594 565 1699 590 tamen
1723 560 1877 602 Typtone
1900 571 1916 589 e
1939 561 2017 589 mari
2032 559 2133 589 medi-

88 607 242 632 terraneo.
288 602 358 631 Alia
382 612 459 632 vero
485 602 660 632 difficultas
684 612 720 631 ea
744 601 863 635 obstat
889 601 978 642 quod
1002 601 1101 641 pedes
1126 602 1219 641 primi
1244 601 1422 631 secundum
1454 603 1758 642 cephalothoracem
1787 603 1976 652 longissime
2004 605 2134 633 retracti

80 646 202 686 J'aceut.
249 644 321 682 Qua
345 655 460 675 caussa
483 644 640 675 versimile
662 644 818 679 redditur
842 644 1054 682 framuentum
1079 644 1158 674 illud
1181 655 1247 674 non
1273 655 1343 673 esse
1367 645 1459 685 pedis
1484 647 1661 682 anterior,is
1685 646 1743 676 sed
1766 647 1971 687 poster³,i01is
2003 656 2039 676 ac
2064 647 2134 686 qui-

88 688 158 718 dem
180 689 277 718 tertii
322 688 395 718 1100
419 689 445 718 51
470 688 630 724 concedis,
653 687 767 727 pedem
790 669 1006 717 branchialem
1031 698 1206 728 agnoscas,
1235 687 1395 717 maxillam
1418 688 1563 718 ultimam
1584 689 1714 720 refutes
1760 689 1820 727 (Cf.
1844 689 2010 730 Stenopus
2032 688 2134 730 hispi-

54 754 57 756 ,
89 731 150 761 dus
174 731 237 761 Ltr.
263 731 341 761 Cuv.
365 742 429 768 100,
453 733 546 761 anim
572 731 618 760 Pl.
645 730 728 762 ’5οΕ
752 734 786 768 23
809 730 875 760 Mil
899 730 991 760 de.
1020 734 1109 765 1537,
1134 730 1183 765 II.,
1209 741 1239 770 p.
1265 734 1350 764 406.)

242 774 371 803 Minime
395 785 442 803 me
466 774 556 813 funin
581 774 656 803 huic
681 775 858 803 sententiae
883 774 928 803 510
955 775 1077 803 occurri
1110 784 1222 813 posse:
1253 773 1285 802 in
1319 778 1487 803 crustaceo
1520 774 1634 809 fossili,
1667 786 1768 816 eoque
1787 775 2023 816 fragmentario,
2045 777 2135 815 posi-

88 818 207 846 tionem
233 817 334 846 solam
358 817 451 857 pedis
475 808 609 857 alicujus
633 817 784 846 momenti
813 827 879 846 non
903 827 989 852 esse,
1021 816 1281 856 lainellarumque
1305 825 1516 846 antennarum
1541 822 1744 848 externarum
1767 818 1901 848 formam
1924 820 1958 848 in
1980 818 2133 849 astacinis

85 859 167 900 ipsis
194 860 373 890 viventibus
397 862 517 890 variam
541 860 716 891 observari.
762 859 799 889 In
822 859 965 889 Homaro
989 860 1123 894 marino,
1153 867 1188 889 ut
1212 859 1393 908 οΧ01111)111111
1417 859 1554 895 asseram,
1585 861 1680 891 valde
1704 863 1819 902 exigua
1843 866 1900 896 est,
1930 861 2048 902 vixque
2078 872 2133 892 an-

86 907 253 932 tennarum
278 903 445 933 aiticulum
471 903 647 933 secundum
671 903 838 939 excedens,
862 904 893 933 in
909 902 1198 943 NephropeNoru
1202 905 1291 943 eoico
1316 913 1420 942 usque
1445 902 1485 932 ad
1501 903 1624 944 flagella
1637 904 1826 944 procedens,
1852 905 1945 934 sicuti
1967 905 2000 934 in
2012 905 2132 935 Astaco

86 945 242 976 fluviatili.
288 946 403 986 Neque
426 948 524 987 igitur
546 946 681 976 immam
703 948 861 983 tri³³onam
887 948 918 976 in
944 957 983 976 ov
987 946 1067 975 alem
1092 950 1244 975 mutatam
1270 956 1340 975 esse
1364 946 1591 986 111iral)e1is³⁵).

238 988 307 1025 His,
332 1000 412 1029 quas
436 990 583 1029 exposui
608 989 864 1019 dubitationibus
889 989 960 1019 finis
984 1000 1050 1019 000
1073 989 1136 1023 fiet
1166 990 1227 1018 nisi
1251 988 1322 1018 aliis
1346 989 1493 1020 inventis.
1540 989 1637 1027 Quod
1651 989 1727 1019 dum
1752 990 1884 1027 eveniet,
1918 975 1982 1020 1100
2006 995 2130 1020 crusta-

85 1041 175 1060 ceum
198 1030 361 1062 Astacinis
384 1032 544 1068 adscribo,
569 1034 650 1063 inter
674 1043 754 1072 quas
777 1033 1006 1074 Nymphaeopi
1030 1038 1165 1072 propter
1188 1032 1321 1061 formam
1345 1032 1566 1071 epimerorum.
1613 1033 1647 1063 Si
1671 1033 1796 1068 accidit,
1827 1038 1863 1063 ut
1892 1033 1971 1063 haec
2001 1033 2128 1073 conjec-

84 1078 157 1104 tura
180 1076 417 1115 comprobetur,
441 1075 496 1116 huj
500 1087 539 1106 115
563 1077 686 1113 oeneris
711 1076 951 1106 characteribus
975 1075 1201 1116 Nvmphaepis
1225 1074 1538 1105 Sendenhoistensis
1563 1075 1801 1106 characteribus
1826 1076 1992 1117 augendae
2015 1078 2089 1107 sint.

239 1117 387 1148 Occurrit
411 1121 442 1148 in
467 1124 552 1149 cleta
569 1120 698 1159 J'uniore
723 1119 811 1160 apud
834 1118 1058 1149 Sendenhorst
1082 1129 1186 1159 prope
1199 1118 1356 1151 Miinster
1382 1123 1594 1149 conservatur
1616 1119 1648 1149 in
1669 1119 1860 1150 collectione
1875 1120 1932 1150 viri
1958 1119 2042 1150 doct.
2067 1130 2133 1150 von

85 1159 142 1189 der
153 1160 255 1195 Mark,
280 1161 494 1191 111101000515

807 1296 833 1321 4.
878 1293 970 1321 Genus
999 1291 1278 1332 Kardirhynohus
1289 1279 1327 1320 ¹n-
1351 1301 1412 1327 gen-

903 1367 1009 1409 Etym.
1035 1366 1158 1408 καρδία,
1188 1364 1315 1409 ῥύγχος.

748 1445 778 1474 Κ
789 1444 954 1476 ardirhv
965 1443 1092 1474 nehus
1117 1454 1131 1473 5
1142 1444 1209 1484 pin
1220 1456 1237 1475 0
1248 1456 1316 1475 sus
1340 1456 1387 1486 sp.
1412 1456 1464 1475 un.

240 1528 405 1559 Crustacei
430 1540 550 1570 corpus
575 1542 639 1561 una
664 1542 735 1561 0010
761 1531 898 1572 pedibus
923 1530 1034 1570 primis
1060 1530 1098 1559 0
1090 1530 1121 1548 )”
1126 1535 1132 1546 ’
1156 1530 1298 1571 longum,
1323 1535 1389 1561 51110
1412 1531 1550 1572 pedibus
1573 1530 1656 1565 30¹⁰,
1687 1530 1778 1560 solus
1801 1530 2058 1570 cephalothorax
2080 1540 2132 1559 ro-

83 1576 154 1601 stro
179 1570 334 1612 adjuncto
362 1577 442 1603 14¹¹&
487 1574 562 1603 Duo
587 1574 668 1604 sulci
693 1574 998 1614 cephalothoracem
1023 1573 1174 1603 dividunt
1196 1574 1227 1603 in
1251 1578 1316 1604 tres
1338 1575 1508 1615 regiones3
1533 1575 1682 1611 anterior,
1705 1573 1881 1609 cervicalis,
1905 1574 1937 1604 in
1960 1575 2132 1614 marginem

86 1616 277 1645 anteriorem
302 1615 483 1653 decurrens,
506 1619 669 1653 re³ionem
695 1617 868 1647 secundam
892 1622 923 1646 et
946 1619 1071 1646 tertiam
1096 1622 1239 1657 separat,
1264 1620 1437 1658 posterior,
1466 1616 1670 1651 branchialis,
1699 1627 1720 1646 v
1742 1616 1864 1665 formis,
1904 1617 1935 1647 in
1957 1618 2030 1657 ipsa
2050 1626 2132 1646 mar-

85 1659 158 1699 gine
184 1660 366 1698 posteriore
389 1660 490 1689 oritur
513 1661 613 1701 (quod
636 1662 668 1690 in
692 1661 754 1691 1100
780 1660 852 1691 5010
878 1665 1046 1690 mustaceo
1078 1660 1226 1690 animadx
1230 1663 1364 1697 ertitur).
1411 1661 1483 1699 Qua
1507 1660 1609 1691 aliena
1637 1664 1669 1690 et
1692 1660 1910 1691 curiosissima
1933 1660 2014 1690 sulci
2036 1660 2132 1689 bran-

84 1700 199 1731 chialis
229 1703 401 1750 positione,
434 1714 532 1743 quum
556 1704 649 1733 etiam
674 1709 873 1734 crustaceum
903 1705 934 1732 vi
964 1703 1066 1732 aliena
1095 1714 1316 1751 compressum
1340 1705 1390 1739 sit,
1419 1705 1452 1733 in
1482 1703 1756 1744 cephalothorace
1786 1705 1966 1743 posteriore
1997 1702 2132 1733 efficitur

84 1745 248 1786 trigonum
273 1746 383 1785 aequis
408 1745 473 1776 iere
496 1746 658 1777 lateribus.
706 1747 826 1785 Quales
851 1750 926 1776 sunt
948 1746 1027 1776 fines
1051 1747 1082 1775 in
1106 1758 1290 1777 0011015001
1319 1752 1349 1777 et
1373 1747 1555 1787 specialiter
1577 1747 1656 1776 fines
1681 1746 1963 1787 cephalot‘hmacis
1993 1747 2131 1776 anterio-

87 1787 141 1824 ris,
166 1787 297 1818 dubium
322 1799 482 1819 remanere
506 1789 615 1823 debet:
641 1794 780 1820 attamen
805 1789 1089 1820 animadvertimus
1113 1795 1253 1820 rostrum
1279 1792 1514 1831 praestrictum
1539 1790 1646 1820 cordis
1670 1790 1808 1830 speciem
1832 1794 2088 1830 repraesentans.

238 1831 407 1862 Abdomen
437 1833 561 1863 modice
589 1844 777 1870 convexum,
812 1838 954 1874 quatuor
988 1834 1099 1873 primis
1124 1834 1296 1873 segmentis
1329 1844 1430 1875 aeque
1452 1834 1568 1873 longis,
1602 1833 1714 1882 quinto
1748 1838 1779 1863 et
1803 1838 1895 1863 sexto
1930 1833 2131 1863 brevioribus

91 1874 249 1915 paullulo,
283 1874 416 1916 singulis
431 1875 604 1906 dimidiatis
627 1877 717 1907 sulco
742 1859 915 1917 piofundo
964 1866 1211 1917 Stgmentoriim
1235 1877 1431 1917 appendices
1454 1858 1580 1910 1110105,
1610 1877 1754 1917 trigonae
1782 1876 1908 1917 angulis
1935 1876 2131 1908 rotundatis.

86 1918 249 1958 Segmenti
274 1919 355 1948 sexti
378 1918 515 1949 laminae
539 1920 690 1950 candales
714 1921 888 1950 exteriores
912 1930 1045 1960 magnae
1070 1920 1209 1960 quidem,
1235 1920 1293 1949 sed
1316 1920 1396 1950 male
1420 1924 1639 1952 conservatae.

237 1961 342 1991 Pedes
366 1963 457 2001 primi
479 1962 667 2004 longissime
690 1963 839 2004 porrecti,
870 1962 962 1992 chela
985 1962 1100 1992 dextra
1123 1968 1185 2001 (est
1209 1968 1314 1993 autem
1339 1963 1438 2004 paulo
1469 1964 1579 2004 major,
1615 1972 1709 2003 quam
1741 1962 1883 1997 sinistra)
1907 1962 2130 2002 Cephalotho-

84 2004 166 2034 racis
191 2004 425 2045 longitudinem
448 2005 513 2035 fere
537 2011 705 2047 aequante,
730 2007 838 2047 digitis
862 2006 1047 2047 gracilibus,
1072 2008 1105 2036 in
1127 2006 1189 2036 fine
1213 2006 1307 2036 valde
1331 2006 1474 2043 aduncis,
1498 2006 1615 2046 pollice
1639 2006 1752 2035 dextro
1777 2005 1910 2035 dentato
1936 2005 2074 2043 (dentem
2098 2007 2131 2036 in

84 2049 215 2078 sinistro
238 2049 270 2077 vi
294 2048 397 2077 aliena
421 2048 618 2080 destructum
643 2061 713 2080 esse
737 2054 876 2085 censeo).
922 2049 1139 2079 Articulorum
1165 2054 1342 2080 ceterorum
1367 2051 1483 2091 exigua
1504 2049 1682 2090 fragmenta
1697 2053 1886 2089 supersunt,
1910 2049 2010 2089 pedes
2032 2049 2127 2079 bran-

83 2092 204 2123 chiales
229 2091 358 2121 omnino
383 2091 489 2122 deleti.

238 2134 337 2173 Quod
359 2135 472 2164 attinet
496 2134 538 2165 ad
561 2135 757 2176 sealpturam
781 2139 892 2171 testae,
918 2135 1077 2165 abdomen
1101 2135 1255 2177 glabrum,
1280 2135 1537 2176 cephalathorax
1560 2138 1695 2165 ornatus
1717 2134 1818 2175 spinis
1833 2135 1971 2172 acribus,
1993 2135 2130 2172 inflexis,

83 2180 117 2208 in
140 2182 231 2219 parte
255 2180 362 2207 antica
384 2177 448 2207 huc
472 2177 548 2208 illuc
572 2178 799 2213 disseminatis,
824 2189 910 2219 pone
934 2179 1057 2208 sulcum
1082 2179 1268 2209 cervicalem
1292 2179 1424 2219 paribus
1448 2177 1626 2208 intervallis
1649 2178 1688 2208 ab
1710 2178 1783 2218 ipso
1798 2178 2004 2209 distantibus.
2035 2178 2132 2209 Prae-

82 2226 169 2252 terea
192 2221 361 2251 tubercula
384 2223 468 2251 trina
491 2222 618 2252 consita
639 2233 725 2263 pone
750 2222 872 2252 sulcum
896 2222 1114 2252 branchialem
1137 2222 1168 2252 in
1193 2222 1307 2252 dextra
1331 2226 1361 2251 et
1385 2222 1514 2252 sinistra.
1534 2225 1626 2262 parte
1649 2225 1679 2251 et
1695 2221 1852 2251 nonnulla
1876 2221 1939 2251 alia
1961 2221 2130 2252 tubercula

83 2267 207 2294 minora
228 2266 262 2294 in
285 2264 415 2305 regione
438 2265 623 2295 branchiali.
669 2265 787 2295 Chelae
811 2265 1006 2306 granulatae.

236 2307 343 2347 Hujus
366 2308 522 2337 crustacei
544 2308 667 2339 fossilis
690 2290 829 2338 ῖ1101ἪΧΟ
833 2309 864 2337 in
888 2310 1073 2338 memoriam
1096 2312 1227 2337 revocat
1250 2307 1431 2349 Glypheam
1455 2307 1495 2339 H.
1520 2319 1548 2337 v.
1562 2307 1679 2348 Meyer.
1724 2307 1837 2348 Neque
1854 2311 1963 2338 tamen
1985 2312 2130 2338 nostrum

82 2361 156 2380 cum
178 2350 242 2380 hoc
266 2350 418 2399 conJ'unoi
442 2356 566 2391 potest3
590 2362 664 2381 nam
687 2351 774 2393 Glxp
778 2351 837 2381 hea
862 2351 961 2381 chelis
986 2353 1070 2381 veris
1095 2355 1214 2380 armata
1238 2361 1304 2380 non
1329 2356 1387 2381 est.

239 2392 388 2423 Occurrit
410 2395 442 2423 in
465 2397 574 2424 stratis
599 2395 766 2426 Senonicis
791 2394 879 2435 apud
902 2394 1083 2424 Billerbeck
1106 2394 1138 2423 in
1162 2393 1345 2424 Guestfalia
1369 2404 1502 2434 meaque
1525 2393 1726 2423 reconditum
1753 2393 1954 2427 collectione

242 2692 276 2725 ³⁶)
296 2692 436 2725 Postquam
455 2701 493 2724 ea,
512 2701 577 2726 quae
595 2702 674 2727 supra
691 2695 786 2734 scripta
804 2698 871 2725 sunt,
890 2693 1008 2727 cognovi
1028 2694 1109 2719 virum
1127 2694 1194 2719 doct.
1214 2693 1299 2718 Strahl
1318 2694 1343 2718 in
1363 2693 1450 2718 eadem
1469 2693 1612 2718 consistere
1641 2693 1776 2724 sententia,
1797 2693 1821 2718 la
1837 2692 1939 2719 mellam
1959 2697 2126 2719 antennarum

86 2728 252 2751 externarum
270 2726 294 2751 in
314 2727 470 2752 collocandis
488 2728 626 2761 generibus
645 2729 739 2754 minimi
758 2729 879 2754 momenti
899 2736 964 2753 esse.
1001 2729 1045 2753 Ait
1063 2733 1160 2753 autem:
1180 2728 1237 2757 „die
1247 2728 1367 2761 Schuppe
1386 2728 1432 2752 des
1451 2730 1575 2752 ausser-en
1593 2727 1700 2752 Ffihlers
1719 2728 1752 2752 ist
1770 2728 1807 2752 als
1822 2727 2025 2753 schwankendes
2036 2728 2124 2754 Merk-

87 2760 137 2784 mal
155 2768 221 2793 ganz
240 2769 330 2786 ausser
348 2761 416 2786 Acht
434 2771 465 2787 zu
483 2762 594 2788 lassen.“
631 2762 738 2797 Sitzung
756 2763 802 2788 der
819 2762 944 2797 physikal.
964 2763 1082 2789 mathem.
1102 2762 1196 2787 Klasse
1215 2762 1260 2787 der
1281 2762 1396 2787 Berliner
1414 2762 1555 2787 Akademie
1574 2770 1632 2786 vom
1650 2761 1673 2788 9.
1692 2761 1754 2787 Dec.
1775 2761 1858 2792 1861,
1877 2770 1901 2795 p.
1923 2762 1995 2788 1069.
