2308 2946
1154 103 1190 152 32,
1228 148 1231 151 ,

143 206 224 235 sium
248 205 424 235 nonnullos
450 204 568 245 pedum
592 204 788 234 anteriorum
811 205 966 235 articulos
991 204 1126 246 „Clytia
1149 206 1250 246 sp.‘?·‘
1298 205 1481 237 Edocemur
1503 217 1522 236 a
1544 207 1672 238 Reusso
1687 208 1747 245 32),
1772 210 1878 249 ipsum
1889 210 2056 239 certiorem
2072 209 2194 240 factum

142 260 213 280 esse
241 260 260 278 a
283 259 329 289 pr.
354 258 400 288 pr.
426 246 551 278 Geinitz
575 252 606 277 et
629 247 760 284 Rbmer,
791 249 823 277 in
851 248 968 277 muscis
992 247 1171 278 Dresdensi
1203 254 1234 278 et
1257 248 1423 279 Bonnensi
1452 251 1636 281 conservari
1667 250 1775 281 chelas
1805 252 1924 292 speciei
1948 252 2084 288 Leachi,
2117 264 2194 293 pro-

142 292 305 322 venientes
336 302 352 321 e
383 295 485 321 strato
510 291 655 331 juniore,
681 290 773 331 quod
803 290 941 320 Tourtia
970 290 1161 331 appellatur,
1185 291 1333 332 equidem
1355 303 1456 322 unum
1477 297 1603 323 tantum
1627 304 1686 334 par
1710 294 1873 325 chelarum
1896 295 2004 325 inveni
2038 297 2071 325 in
2094 302 2194 336 puteo

141 335 358 375 „Hoffnung“
382 333 471 374 apud
494 333 599 364 Essen
621 344 638 363 e
663 338 765 363 strato
789 338 934 363 cretaceo
959 344 1056 374 super
1079 333 1305 364 formationem
1329 335 1565 365 carboniferam
1589 336 1732 368 sedente.

294 377 448 417 Ejusdem
470 376 607 406 familiae
631 387 702 406 esse
726 376 834 406 chelas
858 376 930 406 illas
953 387 972 406 a
995 376 1122 407 Dixone
1153 377 1300 418 depictas
1330 379 1361 407 in
1390 377 1473 408 libro
1504 379 1667 421 „geology
1697 380 1734 410 of
1755 380 1879 411 Sussex
1909 380 1973 411 tab.
2000 384 2053 417 38,
2077 380 2128 422 fig.
2152 385 2196 411 7“

136 422 209 462 jure
233 421 391 461 conjicere
414 419 535 450 videor.

295 463 466 494 Chelarum
490 463 590 493 altera
612 462 724 503 major,
749 462 849 492 altera
871 464 991 499 minor,
1014 473 1128 492 manus
1153 462 1257 503 duplo
1281 462 1410 504 longior
1434 474 1529 504 quarn
1552 464 1627 501 lata,
1650 465 1683 495 in
1699 467 1884 496 universum
1904 466 2007 506 plana,
2032 476 2192 503 convexa,

140 508 172 537 in
197 508 339 538 sectione
363 511 549 536 transversa
571 505 726 545 elliptica3
771 510 862 546 tergo
887 507 1106 546 prominente,
1137 507 1169 535 in
1199 511 1292 546 parte
1316 506 1481 546 superiore
1505 507 1671 547 profundo
1697 508 1786 538 sulco
1811 509 2090 550 longitudinaliter
2113 520 2191 539 con-

142 553 272 586 stricto;
296 550 460 580 metatarsi
483 553 574 590 parte
597 548 756 585 inferiore,
780 553 870 590 tergo
895 550 1059 589 opposita,
1085 549 1259 579 biseriatim
1281 549 1462 589 spinulosa.
1521 550 1558 580 In
1582 562 1705 580 summa
1727 562 1832 588 mann,
1856 554 2056 592 (praesertim
2080 552 2191 583 chelae

140 593 285 631 minoris)
309 592 485 623 nonnullae
509 593 622 632 spinae
645 591 816 623 rotundae.
862 591 998 633 Reliqua
1021 596 1106 622 testa
1130 592 1297 633 scalptura
1320 603 1387 623 non
1411 592 1547 628 excellit,
1573 594 1634 623 nisi
1658 594 1748 635 quod
1771 596 1851 636 tergi
1874 596 2031 637 margines
2056 606 2191 637 asperae

140 641 225 668 sunt.
271 636 398 677 Digiti
421 635 568 670 mobiles,
592 635 625 665 in
648 635 753 665 tribus
776 634 933 665 lateribus
957 635 1087 676 singulo
1111 635 1279 666 tuberculo
1303 635 1354 665 vel
1377 637 1472 677 spina
1495 639 1615 673 armati,
1639 637 1671 667 in
1688 638 1841 668 lateribus
1860 639 1993 679 quartis,
2017 639 2189 680 oppositis,

140 680 289 710 instructi
312 679 465 709 dentibus
489 678 605 719 planis,
629 678 689 708 sub
712 678 873 713 rotundis,
898 688 969 708 sese
990 689 1092 719 paene
1115 679 1335 720 tangentibus.

294 722 392 761 Quod
416 722 575 763 descripsi
599 721 762 762 exemplar
783 722 816 752 in
840 732 936 752 arena
958 721 1073 763 glauca
1096 721 1232 752 Essensi
1255 722 1429 758 inventum,
1453 724 1486 753 in
1510 723 1701 754 collectione
1725 734 1794 754 mea
1816 724 2018 755 reconditum
2042 730 2091 755 est

948 834 1159 875 Hoploparia
1180 833 1383 875 longimano„

909 901 1048 931 Astacus
1079 902 1284 943 longimanus
1313 904 1402 934 ὅθεν.

909 944 1116 986 Hoploparia
1139 945 1326 986 longimana
1348 946 1473 987 M'Coy.

293 1022 559 1064 Cephalothorax
582 1022 776 1063 sublongus,
800 1022 832 1052 in
856 1023 999 1053 sectione
1021 1027 1207 1053 transversa
1230 1022 1405 1059 rotundis,
1438 1034 1629 1064 procurrens
1658 1026 1690 1054 in
1713 1030 1855 1055 rostrum
1877 1027 1911 1055 in
1934 1024 2039 1054 medio
2065 1033 2190 1059 cavum,

139 1069 172 1099 in
195 1067 394 1109 marginibus
418 1066 503 1095 binis
526 1065 579 1095 vel
602 1066 695 1096 trinis
720 1067 824 1106 spinis
848 1069 1023 1101 armatum;
1059 1071 1192 1096 ornatus
1217 1067 1249 1096 in
1272 1071 1409 1107 utraque
1433 1072 1524 1107 parte
1548 1068 1640 1098 trinis
1663 1068 1858 1103 tuberculis,
1883 1068 1999 1098 lineam
2023 1067 2190 1107 obliquam

139 1111 371 1145 formantibus,
396 1119 534 1150 quorum
558 1110 680 1149 primus
704 1109 852 1139 minimus
876 1113 942 1144 est,
971 1108 1096 1139 medius
1120 1119 1206 1150 pone
1232 1109 1361 1139 oculum
1385 1112 1468 1140 situs
1491 1112 1667 1147 maximus3
1714 1111 1901 1141 dimidiatus
1926 1111 2018 1141 sulco
2044 1109 2193 1140 cervicali

139 1154 323 1196 profundo,
349 1153 459 1183 subter
482 1152 596 1193 plano,
622 1152 774 1188 dilatato,
800 1151 1006 1189 dichotomo,
1030 1157 1173 1183 ster-num
1197 1163 1311 1182 versus
1336 1158 1487 1188 curvato,
1519 1165 1622 1195 usque
1645 1154 1687 1184 ad
1711 1154 1875 1184 dimidiam
1898 1154 1963 1184 fere
1986 1152 2193 1183 latitudinem

138 1200 241 1229 latera
265 1195 492 1232 descendente,
516 1197 548 1225 in
573 1201 664 1237 tergo
690 1195 755 1225 duo
780 1194 913 1225 brachia
935 1198 1053 1232 tenuia,
1078 1196 1197 1233 brevia,
1221 1200 1307 1226 retro
1332 1196 1520 1228 dimittente.
1556 1197 1709 1239 Regionis
1726 1198 1922 1228 branchialis
1938 1208 1975 1228 ea
1997 1207 2083 1237 pars,
2110 1206 2193 1236 quae

139 1243 231 1273 sulco
257 1239 406 1270 cervicali
428 1240 535 1269 vicina
558 1243 616 1274 est,
641 1238 816 1269 admodum
839 1241 1016 1279 praeminet
1040 1243 1071 1269 et
1094 1239 1157 1269 hoc
1180 1240 1253 1280 ipso
1277 1239 1369 1270 sulco
1395 1244 1427 1270 et
1452 1241 1662 1271 excavatione
1686 1252 1771 1281 pone
1796 1242 1866 1274 sita,
1906 1241 1943 1271 In
1971 1244 2062 1280 parte
2086 1240 2194 1269 antica

139 1286 221 1316 alter
244 1284 355 1314 sulcus
379 1281 565 1324 profundus
589 1282 691 1312 latera
715 1281 904 1320 descendit,
929 1283 1030 1313 oritur
1053 1287 1159 1313 autem
1183 1285 1215 1313 in
1239 1282 1409 1313 altitudine
1432 1283 1548 1319 medio,
1572 1284 1742 1315 tuberculo
1766 1285 1902 1326 aequali.
1933 1285 2064 1315 Testam
2089 1282 2192 1313 oculis

140 1333 298 1359 contuens
322 1337 388 1357 non
412 1327 542 1356 armatis
567 1325 700 1366 politam
724 1330 832 1366 putas,
858 1327 885 1355 si
909 1331 976 1356 arte
1000 1326 1174 1367 adjuvaris
1199 1326 1359 1367 graciliter
1382 1326 1582 1367 granulatam
1606 1330 1782 1368 conspicis,

292 1370 398 1401 Pedes
423 1370 516 1410 primi
540 1369 649 1399 chelas
673 1369 774 1399 fortes
797 1369 952 1406 formant,
977 1380 1112 1410 quarum
1136 1369 1310 1407 „articulus
1335 1370 1474 1411 longus·‘
1498 1370 1631 1410 planus;
1663 1372 1741 1400 tibia
1763 1371 1881 1406 brevis,
1904 1371 2048 1410 trigona;
2078 1378 2192 1398 manus

140 1424 293 1451 convexa,
316 1414 424 1454 longa,
447 1412 635 1449 fusiformis‚
660 1412 783 1452 apicem
806 1423 920 1443 versus
946 1412 1136 1449 diminuens,
1159 1413 1320 1443 transiens
1344 1416 1376 1443 in
1400 1414 1535 1454 digitum
1558 1414 1704 1455 longum,
1729 1414 1936 1448 immobilem,
1962 1413 2121 1453 utrimque
2144 1412 2192 1441 bi-

138 1459 303 1490 nodatum.
339 1456 439 1497 Digiti
463 1456 667 1496 longitudine
690 1460 722 1485 et
745 1456 924 1497 gracilitate
947 1456 1099 1497 insignes,
1125 1458 1310 1497 compressi,
1336 1457 1505 1487 latitudine
1530 1457 1694 1487 dimidiam
1718 1457 1920 1487 altitudinem
1942 1456 1997 1485 vix
2021 1461 2191 1496 aequante,

139 1503 251 1533 armati
276 1501 396 1531 crebris
421 1499 572 1529 dentibus
597 1499 756 1534 rotundis,
783 1499 920 1530 acribus.

291 1543 397 1575 Pedes
421 1543 618 1583 posteriores
642 1547 756 1572 tenues
779 1542 878 1572 fuisse
902 1546 933 1572 et
956 1542 1108 1583 graciles,
1138 1542 1316 1584 fragmenta
1341 1554 1534 1584 quamquam
1558 1554 1630 1573 rara
1652 1543 1794 1573 iudicare
1818 1543 1978 1573 videntur.
2034 1541 2193 1571 Extremi-

138 1593 241 1621 tatum
264 1586 450 1628 superficies
474 1586 594 1627 glabra,
618 1587 651 1615 in
675 1587 881 1615 convexitate
904 1596 1017 1615 manus
1042 1586 1215 1616 biseriatim
1240 1586 1420 1627 spinulosa,
1445 1587 1528 1616 sicut
1552 1587 1584 1616 in
1608 1587 1812 1628 Hoploparia
1837 1586 1970 1627 Saxbyi,
1995 1582 2210 1626 quamquam'

139 1634 253 1664 ceteris
276 1630 371 1662 valde
395 1629 496 1661 distat
519 1629 558 1659 ab
582 1629 652 1660 hac.

294 1674 362 1704 Sub
388 1672 490 1703 oculis
515 1672 664 1713 procedit
688 1676 899 1702 antennarum
924 1676 1129 1701 externarum
1154 1682 1252 1712 parva
1276 1672 1394 1713 palpae
1419 1683 1562 1714 squama.

292 1717 551 1757 Descriptionem
577 1715 805 1757 Sowerbyi³³j
830 1715 906 1745 mihi
930 1726 995 1745 non
1020 1715 1164 1755 patuisse
1188 1716 1283 1746 valde
1307 1716 1419 1754 doleo3
1456 1716 1660 1758 Koenigii³⁴)
1686 1721 1811 1746 tantum
1835 1716 1976 1745 tabulam
2000 1714 2112 1744 rudem
2135 1724 2188 1743 ac-

139 1763 252 1794 cedere
275 1760 377 1802 potui.
433 1759 641 1789 Characteres
664 1763 770 1788 tamen
795 1759 920 1799 generis
946 1758 1066 1798 optime
1090 1759 1365 1799 correspondent3
1399 1770 1462 1800 qua
1486 1759 1525 1789 de
1549 1770 1663 1790 caussa
1686 1760 1737 1790 liis
1761 1759 1892 1800 adjutus
1917 1768 2047 1799 sperare
2071 1756 2189 1793 andeo,

138 1807 222 1837 hanc
245 1803 542 1844 interpretationem
566 1802 812 1843 comprobatum
835 1803 881 1832 iri.

294 1847 513 1880 Crustaceum,
539 1846 629 1886 quod
652 1845 818 1886 descripsi,
842 1847 1007 1876 inventum
1032 1849 1081 1874 est
1101 1845 1133 1874 in
1157 1847 1245 1875 saxis
1271 1845 1504 1876 Subsenonicis
1529 1856 1632 1887 prope
1656 1845 1802 1882 Diilmen,
1827 1850 2038 1875 conservatur
2062 1845 2093 1873 in
2117 1842 2188 1873 col-

139 1894 277 1924 lectione
296 1889 554 1921 Monasteriensi.

842 1978 870 2005 2.
905 1976 998 2005 Genus
1019 1974 1253 2015 nnoploolytia
1275 1976 1373 2012 M'Coy
1399 1980 1489 2006 1849.

755 2034 1130 2076 Enoploclytia
1163 2033 1439 2066 heterodon
1468 2046 1498 2066 n.
1530 2046 1579 2076 sp.

294 2104 570 2145 Cephalothorax,
596 2107 704 2134 rostro
732 2102 908 2140 deficiente,
935 2106 992 2134 106
1011 2114 1051 2133 m.
1065 2113 1104 2132 m.
1117 2102 1245 2143 longus,
1271 2104 1385 2139 ovalis,
1408 2108 1499 2145 tergo
1523 2106 1555 2134 in
1578 2104 1662 2134 linea
1685 2104 1806 2134 directa
1829 2103 2066 2145 progrediente,
2090 2114 2194 2145 paene

140 2150 339 2186 acuminato,
364 2147 466 2188 (quod
490 2147 733 2188 compressione
758 2146 897 2187 quadam
922 2147 1066 2177 evenisse
1090 2146 1255 2186 conjicio);
1284 2151 1425 2177 rostrum
1448 2158 1563 2178 versus
1588 2149 1705 2177 sensim
1728 2147 1891 2181 diminuit,
1928 2158 2041 2177 versus
2065 2151 2191 2187 partem

141 2194 328 2235 oppositam
351 2191 382 2220 in
406 2190 610 2220 latitudinem
634 2190 749 2220 crescit
770 2200 874 2230 usque
898 2189 940 2219 ad
963 2190 1107 2220 ultimam
1130 2191 1256 2219 tertiam
1279 2194 1418 2230 partem,
1447 2201 1529 2232 quae
1552 2191 1687 2221 laterum
1710 2190 1844 2232 figuram
1869 2201 2046 2220 convexam
2070 2192 2193 2231 optime

141 2236 301 2271 ostendit3
348 2233 465 2264 deinde
487 2233 668 2274 paullulum
691 2233 881 2263 decrescens
905 2238 1073 2269 curvatur,
1103 2232 1222 2263 format
1245 2235 1463 2264 exsectionem
1485 2234 1572 2264 illam
1595 2234 1747 2269 lunatam,
1773 2234 1823 2264 cui
1847 2234 1998 2264 inseritur
2021 2233 2192 2264 abdomen.

295 2277 587 2319 Cephalothoracis
612 2276 742 2307 duobus
767 2275 865 2306 sulcis
889 2277 1048 2317 primariis
1078 2276 1323 2317 distinguuntur
1354 2281 1420 2307 tres
1449 2277 1596 2318 regiones
1626 2277 1682 2307 tali
1712 2279 1852 2307 ratione:
1897 2277 1929 2307 in
1960 2282 2050 2318 tergo
2082 2276 2194 2307 sulcus

140 2324 305 2365 posterior
327 2323 468 2362 spatium
491 2322 574 2350 inter
597 2320 723 2350 sulcum
747 2321 939 2349 anteriorem
963 2324 993 2350 et
1016 2321 1190 2360 marginem
1214 2320 1425 2360 posteriorem
1448 2320 1513 2351 fere
1537 2320 1696 2357 dimidiat,
1725 2325 1833 2361 partes
1858 2330 1935 2350 suas
1958 2330 2035 2350 vero
2059 2320 2101 2350 ad
2125 2320 2191 2350 sul-

140 2378 212 2398 cum
236 2366 427 2396 anteriorem
450 2363 642 2401 admovens3
666 2363 748 2393 sulci
771 2362 811 2392 de
834 2367 925 2404 tergo
950 2363 981 2393 in
1004 2364 1178 2404 marginem
1200 2363 1364 2393 inclinant.
1399 2363 1524 2402 Quibus
1545 2363 1584 2394 de
1607 2363 1730 2394 caussis
1753 2365 1840 2404 regio
1865 2363 2028 2404 posterior
2050 2364 2190 2393 maximo

141 2411 248 2452 spatio
273 2408 401 2450 gaudet,
424 2407 528 2437 media
551 2406 781 2447 angustissima
804 2411 861 2436 est.

293 2451 448 2493 Regionis
473 2452 643 2480 anterioris
667 2460 744 2490 pars
768 2449 908 2480 anterior
931 2451 964 2479 in
987 2453 1100 2479 nostro
1125 2449 1301 2490 exemplari
1324 2460 1390 2480 non
1414 2449 1611 2486 ostenditur,
1635 2450 1697 2480 nisi
1719 2449 1914 2490 fragmentis.
1969 2449 2070 2490 Regio
2101 2454 2191 2480 ante-

139 2497 204 2527 rior
227 2496 318 2526 sulco
341 2494 473 2524 nuchali
496 2494 541 2524 ita
564 2493 733 2529 dividitur,
757 2498 794 2523 ut
817 2492 883 2523 duo
906 2492 1086 2523 formentur
1108 2494 1237 2533 trigona
1260 2495 1372 2533 aequis
1394 2493 1558 2523 lateribus.
1613 2493 1675 2523 Hic
1699 2492 1811 2523 sulcus
1836 2492 1875 2522 de
1898 2497 1989 2533 tergo
2014 2492 2188 2523 decurrens

140 2541 284 2581 regionis
306 2538 428 2569 mediae
450 2536 653 2568 tuberculum
677 2536 818 2567 anterius
841 2538 1009 2577 praeterit,
1034 2536 1097 2567 hoc
1121 2546 1252 2577 quoque
1276 2536 1350 2567 loco
1375 2535 1507 2567 dimittit
1530 2536 1664 2566 alterum
1687 2536 1810 2566 sulcum
1830 2536 1920 2566 initio
1934 2546 2061 2566 sursum
2075 2545 2188 2566 ascen-

295 2677 330 2709 ¹²)
352 2676 423 2705 1853,
443 2675 530 2701 Ueber
549 2674 632 2708 Clytia
649 2674 750 2704 Leachi,
769 2683 793 2708 p,
813 2674 836 2700 2.

296 2720 330 2751 ³⁸)
351 2718 424 2747 1826,
443 2718 515 2743 Zool.
535 2718 634 2746 «Μυῖα,
654 2718 688 2750 pl.
710 2717 748 2748 17,
768 2717 784 2743 f.
807 2718 828 2745 l,
847 2717 871 2743 2.
891 2726 914 2750 p<
934 2717 992 2743 473.

293 2763 326 2793 ⁸⁴)
348 2761 421 2789 1825,
438 2761 512 2787 Jcon.
533 2761 596 2786 foss,
616 2761 696 2787 sectil.
715 2760 749 2786 th,
773 2760 810 2788 18,
831 2760 870 2794 fig.
891 2760 948 2784 229.
