2308 2946
310 289 416 327 Quum
439 288 515 318 mihi
539 286 791 328 proposuissem.
815 295 891 315 vera
914 285 1054 314 omnium
1077 283 1306 313 formationum
1329 281 1529 312 Guestfaliae
1553 285 1719 311 crustacea
1747 279 1956 321 perscrutari,
1986 279 2110 320 exiguis
2135 278 2207 309 fini-

159 342 219 372 bus
243 351 291 371 me
315 340 477 370 continere
501 342 634 369 coactus
657 347 751 373 eram,
776 346 873 377 quum
897 335 1028 365 materia
1051 335 1171 365 collata
1194 333 1237 364 ad
1260 338 1379 363 arctam
1403 337 1527 363 tantum
1550 332 1777 362 formationem
1800 332 1985 372 pertineret.
2030 329 2058 359 E
2089 329 2208 360 Guest-

158 393 251 423 faliae
275 393 362 422 saxis
386 392 540 422 Triasicis
563 393 729 420 crustacea
752 387 896 417 nondum
921 386 1050 426 prodita
1072 390 1162 423 sunt3
1186 386 1218 415 in
1242 385 1416 415 Jurassicis
1439 388 1545 414 autem
1570 385 1680 413 stratis
1713 382 1891 424 fragmenta
1920 381 1996 411 novi
2026 380 2115 411 nulla
2146 382 2209 412 nisi

158 454 259 475 unum
282 441 574 484 cephalotboracis,
598 439 689 481 quod
712 450 728 468 e
752 438 827 468 Lias
851 437 940 478 apud
964 437 1223 478 Borlinghausen
1246 436 1309 466 sito
1334 437 1454 475 accepi.
1494 434 1650 464 Inferiora
1674 438 1836 464 cretaceae
1859 433 2061 463 formationis
2085 436 2207 463 strata:

159 505 295 526 arenosa
317 499 348 525 et
371 493 509 535 argilosa
531 492 707 523 sedimenta
730 490 884 520 Neocomi
907 493 938 519 et
964 488 1074 519 Gaulti
1095 489 1128 518 in
1150 488 1315 518 montibus
1338 486 1664 527 Teutoburgensibus
1689 490 1719 515 et
1742 487 1775 515 in
1798 485 1915 515 finibus
1933 485 2063 515 Batavis
2077 488 2207 525 reperta

160 547 249 577 nulla
273 546 380 576 adhuc
403 547 569 575 crustacea
592 542 861 573 ministraverunt.
906 540 1050 571 Eandem
1073 539 1218 580 inopiam
1242 539 1273 568 in
1297 539 1406 568 stratis
1428 537 1552 568 Turoni
1577 536 1869 567 animadvertimus.
1915 536 1949 566 Si
1979 536 2105 566 unicam
2135 546 2209 576 spe-

160 600 248 634 ciem,
275 608 356 639 quae
378 597 411 626 in
435 595 640 626 cenomanica
663 594 779 635 glauca
802 603 899 623 arena
921 592 1010 633 apud
1022 591 1126 622 Essen
1150 592 1280 620 inventa
1292 596 1351 625 est,
1369 590 1554 624 omittimus
1570 590 1753 629 superiores
1769 592 1893 618 tautum
1911 591 2074 618 cretaceae
2092 587 2211 618 forma-

164 650 263 680 tionis
292 653 450 679 straturae
474 646 564 677 nulla
586 649 753 676 crustacea
775 644 882 674 adhuc
906 643 1127 674 ostenderunt.
1175 641 1264 671 Haec
1288 645 1391 671 strata
1408 641 1519 681 jacent
1542 639 1645 670 media
1668 641 1701 670 in
1724 639 1809 680 pelvi
1833 644 1864 669 et
1887 650 1925 669 eo
1950 638 2078 680 quidem
2110 639 2210 669 modo

159 706 195 731 ut
218 700 377 731 recentius
401 698 565 730 Senonum
589 697 723 727 interius
747 696 798 732 sit,
822 695 986 736 antiquius
1007 698 1113 724 autem
1137 694 1311 729 Senonum,
1335 691 1553 723 Belemnitella
1574 691 1735 732 quadrata
1759 691 1957 725 distinctum,
1975 689 2072 720 modo
2091 691 2212 721 arctius

159 752 256 783 modo
281 752 376 781 latius
399 752 432 780 in
456 749 591 779 circuitu
615 751 782 778 extensum
805 748 838 777 in
860 747 964 777 lucem
987 745 1134 787 prodeat.

312 802 361 833 De
384 799 606 843 geognosticis
629 803 660 829 et
682 798 974 840 palaeontologieis
997 797 1178 827 rationibus
1202 795 1341 837 regionis
1367 798 1495 825 nostrae
1519 793 1615 824 latius
1639 794 1796 824 disserere
1818 793 1951 834 longum
1975 798 2023 824 est
2046 797 2077 824 et
2096 803 2114 823 a
2133 804 2209 835 pro-

161 856 269 897 posito
292 854 446 888 alienum;
470 862 574 893 neque
598 851 738 892 aliquam
759 850 932 881 utilitatem
955 849 1099 884 afferem,
1135 859 1233 889 quum
1265 846 1304 876 de
1334 846 1395 877 hac
1424 848 1557 876 materia
1586 845 1654 877 Fer.
1684 846 1822 876 Roemer
1844 845 2106 875 dissertationem
2130 856 2208 876 con-

163 907 336 948 scripserit,
361 905 412 935 cui
434 902 601 939 Ewaldus,
624 902 758 937 Hosius,
782 914 813 934 v.
838 902 869 934 d.
890 901 994 936 Mark,
1018 900 1058 930 de
1083 899 1276 930 Strombeck
1298 898 1464 939 praeclara
1487 897 1690 928 addiderunt.

311 957 338 987 E
361 956 470 986 stratis
492 954 651 984 inferioris
665 954 786 984 Senoni
810 956 937 994 praeter
960 952 1171 982 callianassae
1193 950 1356 987 branchia,
1381 960 1462 991 quae
1486 950 1605 990 ubique
1629 951 1661 978 in
1685 950 1831 978 arenosis
1854 948 1953 989 hujus
1977 948 2069 978 strati
2093 947 2210 989 lapidi-

158 1011 219 1041 bus
242 1010 457 1044 inveniuntur,
479 1017 564 1037 unus
588 1009 714 1036 tantum
736 1005 829 1036 locus
847 1005 915 1046 jam
939 1003 1061 1039 dudum
1086 1007 1183 1033 notus
1206 1002 1363 1040 nominari
1386 1004 1514 1042 potest,
1539 1003 1594 1042 qui
1624 1000 1747 1041 aliquid
1778 999 1937 1041 opusculo
1969 1003 2083 1030 nostro
2113 1010 2209 1040 prae-

160 1061 278 1093 buerit:
302 1059 451 1090 Diilmen.
496 1057 545 1088 Ibi
574 1068 645 1087 cum
668 1056 850 1087 calianassa
871 1056 1074 1087 Podocrates
1098 1054 1284 1085 Diilmensis
1309 1057 1339 1083 et
1352 1053 1556 1094 Hoploparia
1578 1053 1763 1094 longimana
1786 1055 1818 1081 et
1830 1051 2064 1093 Enoploclytia
2079 1051 2207 1082 hetero-

160 1115 226 1146 don
248 1114 379 1144 inventa
402 1114 489 1143 sunt.

311 1163 349 1193 In
372 1162 538 1203 superiore
561 1160 693 1191 Senono
716 1163 792 1190 sunt
814 1162 950 1195 montes,
975 1160 1031 1200 qui
1054 1162 1212 1189 vocantur
1234 1156 1442 1197 Baumberge,
1466 1155 1644 1186 uberrimus
1668 1155 1750 1184 bene
1774 1159 2040 1185 conservatorum
2070 1154 2210 1195 petrefa-

161 1222 285 1248 ctorum
307 1215 381 1245 fons
399 1214 468 1255 jam
491 1212 619 1244 saecula
642 1216 757 1249 notus3
782 1213 835 1252 qui
860 1214 986 1251 praeter
1009 1212 1155 1251 ignotum
1180 1208 1345 1249 quoddam
1369 1212 1567 1237 crustaoeum
1593 1207 1688 1237 nobis
1714 1206 1848 1236 obtulit:
1879 1206 2066 1236 Palinurum
2091 1206 2209 1236 Baum-

159 1269 335 1309 bergicum,
366 1264 632 1307 Nymphaeopem
660 1262 950 1298 Coesfeldiensem‚
972 1260 1263 1302 Cardyrhynchum
1287 1259 1464 1300 spinosum.
1489 1259 1625 1299 Insuper
1644 1258 1733 1298 apud
1750 1258 1861 1288 urbem
1873 1258 2092 1288 Sendenhorst
2104 1268 2212 1299 nuper

160 1323 290 1351 inventa
314 1322 406 1348 sunt:
430 1316 707 1357 Pseudocrangon
729 1314 956 1350 tenuicaudus,
979 1313 1127 1343 Penaeus
1147 1312 1284 1346 Romeri,
1305 1311 1521 1351 Oplophorus
1540 1309 1786 1346 Vondermarki,
1805 1309 2040 1351 Nymphaeops
2060 1309 2207 1340 Senden-

160 1372 350 1403 horstensis.

313 1421 431 1451 Facere
451 1430 519 1450 non
543 1430 687 1460 possum,
712 1420 790 1459 quin
806 1418 873 1453 hoc
897 1417 971 1447 loco
995 1418 1188 1446 mentionem
1212 1416 1326 1445 faciam
1351 1415 1402 1444 alii
1435 1415 1527 1444 etiam
1558 1414 1674 1449 fontis,
1706 1413 1792 1443 unde
1817 1412 1893 1442 mihi
1924 1412 2053 1453 quidem
2082 1412 2210 1443 haurire

161 1486 225 1505 non
249 1473 401 1514 contigit;
425 1476 566 1501 attamen
589 1472 785 1511 posteriores
808 1469 1014 1510 indagatores
1038 1468 1081 1497 ibi
1104 1467 1204 1497 multa
1228 1472 1395 1497 crustacea
1417 1466 1541 1495 fossilia
1564 1465 1749 1495 detecturos
1773 1475 1843 1494 esse
1866 1464 2036 1494 verisimile
2060 1469 2118 1495 est.
2151 1464 2213 1495 Vir

161 1526 252 1563 enim,
276 1526 326 1555 cui
350 1523 495 1554 diffidere
519 1523 648 1553 omnino
673 1533 738 1552 11011
760 1522 843 1555 licet,
867 1530 970 1560 nuper
993 1519 1070 1549 mihi
1094 1519 1263 1555 nuntiavit,
1288 1523 1361 1548 ante
1386 1521 1424 1549 30
1449 1517 1513 1547 fere
1537 1528 1640 1547 annos
1664 1517 1696 1546 in
1719 1516 1891 1547 latifundio
1905 1516 2084 1557 Alberding
2095 1516 2208 1547 Flens-

160 1577 249 1619 bergi
272 1586 375 1617 prope
397 1575 599 1615 Altenberge,
625 1576 679 1615 qui
704 1575 794 1604 vicus
821 1572 857 1603 12
886 1571 983 1602 millia
1005 1581 1139 1611 passum
1163 1570 1262 1600 distat
1286 1580 1304 1599 a
1326 1569 1524 1599 Monasterio
1554 1569 1808 1605 Guestfalorum,
1839 1568 1939 1598 multa
1968 1572 2212 1598 crustaceorum

161 1629 340 1671 fragmenta
362 1631 489 1668 reperta
511 1636 582 1656 esse
605 1627 637 1655 in
662 1624 844 1666 lapicidinis
868 1624 937 1654 viae
961 1622 1134 1653 struendae
1158 1632 1256 1651 causa
1280 1621 1389 1652 fossis,
1436 1622 1594 1661 Sperans,
1620 1620 1785 1656 edoctum,
1816 1630 1865 1649 1110
1894 1621 1931 1649 iri
1961 1619 2046 1649 huno
2078 1630 2212 1660 quoque

161 1682 266 1712 locum
289 1679 434 1713 visitavi;
459 1677 517 1708 sed
541 1688 650 1708 omnes
673 1677 802 1707 fodinas
825 1676 958 1706 obrutas
983 1674 1097 1704 inveni.
1144 1673 1281 1703 Accolae
1306 1678 1411 1702 autem
1437 1673 1622 1709 censebant,
1645 1672 1724 1706 fore,
1749 1676 1785 1701 ut
1808 1671 2001 1711 lapicidinae
2020 1671 2106 1701 brevi
2128 1676 2205 1701 tem-

164 1743 242 1774 pore
264 1734 507 1762 renovarentur.

315 1783 374 1812 His
398 1783 494 1823 igitur
518 1780 691 1810 crustaceis
716 1779 823 1809 adhuc
846 1781 990 1820 repertis,
1016 1787 1098 1818 quae
1121 1787 1219 1817 supra
1243 1776 1413 1810 nominavi,
1438 1775 1641 1805 111anifestum
1666 1779 1724 1806 est,
1750 1779 1893 1804 nostram
1917 1774 2077 1815 regionem
2107 1785 2122 1803 e
2154 1773 2209 1803 de-

164 1835 345 1876 capodibus
370 1833 544 1863 crustaceis
568 1843 671 1872 neque
694 1831 884 1872 Brachyura
908 1840 1010 1870 neque
1034 1828 1209 1861 Anomma,
1234 1828 1291 1857 sed
1315 1828 1463 1857 Macrum
1487 1827 1592 1856 solum
1614 1827 1809 1867 praebuisse.
1852 1826 1939 1855 Inter
1963 1836 2045 1866 quae
2070 1830 2211 1866 quatuor

164 1887 300 1917 familiae
323 1886 583 1925 Locustinoruln7
606 1882 884 1918 Thalassium-um,
907 1881 1143 1915 Astacinorum‚
1169 1880 1318 1910 Caridum
1345 1879 1510 1909 nonnullis
1534 1878 1703 1919 speciebus
1726 1882 2018 1919 repraesentantur.

317 1936 407 1975 Quae
431 1940 597 1966 crustacea
620 1934 805 1964 describens
829 1934 856 1963 si
878 1934 989 1974 plures
1013 1933 1108 1962 unius
1132 1933 1256 1973 generis
1280 1936 1335 1961 aut
1355 1931 1473 1971 speciei
1494 1934 1604 1971 partes
1633 1929 1784 1965 aderant,
1817 1929 1857 1960 de
1887 1929 2006 1970 quibus
2039 1940 2113 1958 num
2131 1929 2211 1969 jun--

165 1989 270 2031 genda
293 1993 402 2019 essent
424 1987 564 2018 dubitari
588 1990 710 2027 posset,
734 1985 913 2027 fragmenta
936 1984 1106 2025 seperatim
1130 1982 1335 2025 depingenda
1358 1993 1427 2012 esse
1450 1982 1621 2023 putabam,
1645 1991 1685 2011 ne
1708 1981 1807 2022 signis
1837 1981 1964 2011 collatis
1995 1982 2119 2020 species
2155 1985 2212 2010 aut

165 2052 266 2083 genus
288 2040 475 2081 imaginaria
497 2039 671 2080 gignerent,
696 2047 778 2078 quae
801 2037 936 2067 aliorum
961 2037 1168 2077 quaestiones
1192 2035 1370 2065 turbarent.

318 2091 408 2130 Quae
431 2101 535 2132 usque
558 2090 600 2120 ad
622 2094 735 2120 nostra
758 2094 905 2129 tempora
928 2088 968 2118 de
990 2087 1156 2118 fossilibus
1179 2086 1377 2117 Guestfaliae
1396 2085 1569 2116 crustaceis
1589 2085 1757 2126 explorata
1776 2089 1860 2121 sunt,
1882 2084 2021 2114 breviter
2039 2093 2209 2124 exponam.

166 2144 202 2174 A.
226 2144 342 2174 Rbmer
365 2146 527 2178 memorat,
553 2142 775 2172 callianassam
798 2140 938 2181 Faujasii
968 2144 999 2170 et
1028 2139 1209 2181 Glypheam
1238 2137 1356 2168 Leachi
1383 2137 1472 2178 apud
1498 2137 1594 2167 urbes
1630 2136 1769 2167 Diilnien
1802 2141 1833 2167 et
1863 2134 2027 2166 Osterfeld
2057 2136 2210 2170 inveniri;

166 2195 290 2226 Geinitz
314 2195 451 2225 Becksio
476 2198 608 2224 auctore
630 2204 729 2224 unum
752 2192 968 2223 Podocratem
992 2191 1199 2221 Diilmensem
1223 2194 1254 2219 et
1276 2200 1341 2220 von
1367 2189 1424 2219 der
1451 2189 1560 2224 Mark,
1592 2189 1646 2229 qui
1683 2191 1789 2218 omnia
1818 2188 2015 2218 Guestsaliae
2044 2192 2212 2216 crustacea

166 2247 291 2278 fossilia
314 2248 509 2287 composuit,
532 2245 772 2275 Palaemontem
795 2244 922 2274 Romeri
947 2248 978 2273 et
1001 2243 1242 2273 Palaemontem
1265 2241 1491 2272 tenuieaudum
1516 2239 1702 2271 attulerunt.

319 2298 392 2328 Hoc
415 2309 519 2328 meum
543 2297 735 2337 opusculum
758 2295 848 2326 nullo
872 2295 969 2325 modo
992 2295 1033 2325 ad
1056 2294 1150 2324 finem
1173 2293 1274 2334 redigi
1297 2294 1456 2334 potuisse,
1480 2294 1541 2323 nisi
1565 2296 1761 2332 privatarum
1785 2292 2029 2328 collectionum,
2055 2301 2070 2319 e
2092 2290 2210 2331 quibus

167 2349 378 2380 hauriendum
403 2353 479 2385 erat,
503 2358 713 2390 possessores
737 2351 768 2378 et
790 2346 994 2388 publicorum
1017 2357 1199 2377 museorum
1223 2345 1396 2376 directores
1425 2345 1540 2375 eximia
1563 2344 1759 2385 benignitate
1783 2348 1814 2373 et
1837 2353 1960 2373 summa
1983 2342 2132 2372 comitate
2161 2352 2210 2371 me

169 2401 385 2443 adjuvassent,
410 2402 461 2432 vix
485 2401 560 2431 mihi
584 2400 755 2430 dicendum
779 2399 936 2429 existimo.
982 2398 1152 2429 Maximam
1177 2401 1282 2427 autem
1305 2396 1439 2438 gratiam
1462 2396 1565 2426 debeo
1589 2400 1621 2426 et
1643 2395 1822 2437 professori
1846 2394 1986 2432 Karsch,
2011 2394 2066 2434 qui
2090 2393 2212 2424 ditissi-

167 2464 252 2483 11111111
276 2453 538 2483 Monasteriensis
562 2451 741 2482 academiae
764 2451 952 2482 thesaurum
974 2450 1051 2480 mihi
1074 2449 1199 2491 aperuit
1223 2453 1253 2479 et
1276 2448 1359 2489 prof.
1389 2447 1536 2478 Michelis
1565 2451 1596 2477 et
1625 2446 1709 2488 prof.
1740 2446 1862 2476 Hosius
1899 2445 2211 2476 Monasteriensibus

169 2509 200 2534 et
222 2504 278 2535 Dr.
303 2516 366 2534 von
390 2504 446 2534 der
469 2504 560 2534 Mark
584 2504 768 2534 Hammensi
792 2506 823 2532 et
846 2501 1088 2542 professoribus
1111 2501 1245 2531 maxime
1269 2499 1414 2530 colendis
1438 2499 1585 2541 Beyrich,
1609 2499 1701 2540 cujus
1725 2497 1847 2528 scholis
1871 2498 2013 2528 Berolini
2038 2499 2209 2528 intereram

169 2560 200 2585 et
223 2555 426 2586 Ferdinando
451 2555 576 2593 Riimer,
600 2556 691 2597 cujus
715 2555 868 2585 lectiones
893 2552 1106 2584 Vratislaviae
1130 2551 1384 2593 frequentabam.
