2308 2946
493 234 520 255 a.
544 227 685 253 rostrum
709 221 936 253 abbreviatum
981 245 987 251 .
1035 244 1041 251 .
1088 244 1094 251 .
1140 245 1148 253 .
1194 245 1201 252 .
1246 244 1253 252 .
1300 245 1305 251 .
1353 245 1359 252 .
1407 245 1412 251 .
1459 246 1464 252 .
1513 203 1648 252 1Ε1ᾶθΐ

1514 253 1521 280 ι
1549 247 1564 276 Ρ
1587 246 1731 277 Bombur

484 292 514 323 b.
538 295 679 321 rostrum
702 294 887 331 porrectum

876 358 882 363 .
1074 359 1078 364 .
1205 357 1210 362 .
1292 358 1298 364 .
1324 367 1333 374 ὴ
1381 357 1393 374 ³
1546 332 1680 374 Hefriga

642 359 668 389 1.
693 362 852 388 antennae
874 361 1017 387 internae
1040 357 1144 387 tribus
1167 356 1229 387 fihs
1253 367 1373 387 scissae
1399 357 1424 395 7)
1453 381 1460 388 .
1543 375 1558 397 ⁴2
1580 375 1629 405 Ra
1639 385 1703 405 una

640 418 669 449 2.
694 422 853 448 antennae
876 417 1019 447 internae
1044 416 1174 447 duobus
1197 416 1258 446 filis
1283 418 1404 447 scissae
1459 441 1465 447 .
1552 429 1582 448 n.
1606 429 1635 459 g·

230 507 353 537 Tamen
398 505 502 535 exitus
546 504 665 545 pedum
708 513 783 533 raro
829 502 1037 532 animadverti
1082 506 1223 542 possunt
1268 504 1346 532 satis
1391 502 1484 534 clare.
1560 503 1675 534 Comes
1712 503 1860 533 Miinster
1900 503 2124 545 depingendas

78 551 202 582 curavit
224 550 341 580 multas
366 550 490 589 species
511 547 700 587 Anti-impos
725 549 923 586 cunctasque
947 545 1131 586 didactylas
1157 545 1336 576 constituit.
1371 544 1529 586 Equidem
1553 547 1661 587 accepi
1685 548 1718 576 in
1740 547 1812 577 vico
1839 546 2020 577 Solnhofen
2043 558 2125 578 non-

81 594 187 625 nullas
211 594 334 633 species
357 591 443 621 illius
468 591 601 632 generis,
626 599 763 631 quarum
787 598 927 628 corpora
949 589 1071 618 intacta
1096 587 1235 628 quidem,
1259 588 1358 628 pedes
1381 599 1457 619 vero
1483 591 1611 620 omnino
1635 589 1739 620 deleti.
1777 589 2011 629 Quenstedtw)
2023 600 2126 621 exem-

81 637 184 679 plaria
206 636 247 666 80
270 635 412 665 habebat
435 634 495 664 sub
522 633 640 669 oculis3
677 642 781 672 neque
811 635 917 661 tamen
944 631 1103 672 judicium
1127 641 1219 661 suum
1244 630 1283 660 de
1306 631 1367 661 hac
1391 642 1423 661 re
1447 632 1571 663 firmare
1594 636 1738 673 poterat,
1767 643 1830 673 qua
1854 632 1893 662 de
1916 643 2033 663 caussa
2055 644 2127 665 sen-

79 681 210 711 tentiam
233 680 324 719 prius
353 678 469 708 editam
479 676 523 714 ³⁹)
551 678 668 707 retinet
691 674 936 715 Antrimpodem
960 685 1031 704 cum
1054 674 1190 704 Penaeis
1214 674 1423 715 conjungens.
1468 675 1757 706 Excellentissimis
1780 677 1878 716 igitur
1900 675 2064 716 lapidibus
2088 676 2128 707 de

83 721 262 754 Solnhofen
286 721 519 751 dubitationem
542 731 608 750 non
630 717 829 760 fugantibus,
853 717 892 747 de
916 722 1035 747 conatu
1058 727 1137 754 mec,
1161 721 1306 747 nostram
1328 717 1505 758 respiciens
1529 719 1699 756 materiam,
1722 718 1879 749 benevole
1898 718 2031 758 judices.

949 837 1105 872 Penaeus
1128 837 1270 872 minori.

697 906 776 948 Syn.
801 905 976 936 Palaemon
998 905 1127 935 Romeri
1151 916 1217 936 von
1240 904 1296 935 der
1318 904 1411 935 Mark
1437 905 1528 936 1858.

234 994 381 1034 Corpora
403 992 531 1033 (omnia
554 993 587 1022 in
609 992 709 1022 latere
727 992 855 1032 jacent)
879 1001 1075 1032 compressa.
1121 990 1158 1020 In
1182 995 1275 1032 tergo
1301 990 1407 1021 medio
1421 991 1721 1032 cephalothoracis,
1743 1000 1821 1031 prae
1837 995 2017 1022 ceterorum
2034 1003 2129 1022 mem-

80 1039 211 1069 brorum
233 1036 434 1078 longitudine
457 1036 581 1072 brevis,
604 1035 684 1076 riget
708 1035 804 1065 crista
827 1038 964 1071 serrata,
988 1033 1169 1075 procedens
1193 1035 1227 1063 in
1250 1037 1400 1064 rostrum
1423 1034 1600 1069 foliforme,
1625 1034 1800 1064 biseria-tim
1822 1033 1996 1066 dentatum.
2031 1034 2130 1065 Testa

80 1083 187 1112 tenuis
210 1080 337 1122 glabra,
369 1081 401 1109 in
425 1082 517 1119 parte
545 1080 704 1108 anteriore
731 1082 862 1108 exarata
886 1078 977 1108 sulco
1006 1078 1109 1114 brevi,
1141 1080 1293 1113 cuneato,
1324 1077 1383 1107 sub
1414 1077 1533 1118 angulo
1568 1077 1724 1118 graduum
1748 1076 1787 1106 45
1817 1087 1931 1108 versus
1958 1080 2133 1120 marginem

82 1124 271 1155 anteriorem
295 1123 481 1152 inclinante..
533 1121 675 1151 Alterum
700 1121 824 1151 sulcum
848 1123 881 1151 in
903 1122 1033 1162 regione
1056 1119 1232 1150 branchiali
1257 1120 1449 1161 exemplaris
1480 1120 1610 1161 majoris
1641 1122 1707 1159 (est
1730 1123 1835 1149 autem
1858 1120 1951 1151 valde
1974 1121 2132 1163 deletum)

81 1168 229 1208 detegere
251 1176 318 1196 non
341 1169 502 1206 poteram;
525 1164 632 1195 videre
655 1168 761 1194 tamen
784 1164 918 1195 videbar
940 1167 972 1194 iu
996 1165 1120 1193 minore
1145 1163 1288 1204 quodam
1315 1163 1440 1193 sulcum
1456 1163 1589 1193 alterum
1613 1165 1718 1193 minus
1731 1162 1866 1199 clarum,
1890 1163 2133 1200 horizontalem‚

81 1212 218 1241 brevem.
264 1208 428 1239 Articulus
452 1208 573 1249 primus
596 1211 805 1238 antennarum
830 1209 1032 1248 superiorum
1058 1208 1225 1236 maximus
1241 1211 1290 1236 est
1314 1211 1345 1236 et
1368 1208 1401 1236 in
1425 1206 1528 1236 fundo
1553 1206 1681 1236 fortiter
1695 1205 1838 1236 deflexus
1863 1210 1919 1243 (ne
1933 1207 2017 1237 oculi
2027 1208 2134 1249 magni

82 1252 340 1294 impedirentur).
386 1252 423 1281 In
447 1262 511 1292 quo
536 1251 688 1288 articulo,
711 1255 746 1281 ut
769 1251 914 1281 Penaeus
940 1251 1068 1287 vivens,
1101 1252 1144 1280 ita
1166 1249 1291 1279 fossilis
1324 1251 1477 1279 insertam
1500 1250 1598 1280 habet
1618 1249 1828 1290 appendicem
1850 1249 2048 1285 folfformen,
2072 1252 2131 1280 cri-

82 1297 195 1331 nitam3
220 1305 303 1336 quae
333 1296 365 1324 in
388 1299 502 1324 nostra
532 1294 638 1334 speeie
661 1294 777 1334 major,
802 1304 897 1334 quam
920 1295 952 1323 in
976 1293 1160 1323 viventibus
1184 1293 1297 1329 solita3
1332 1292 1407 1322 dum
1438 1293 1519 1323 enim
1549 1294 1580 1323 in
1617 1295 1730 1323 ceteris
1754 1292 1877 1322 articuli
1906 1294 1998 1333 primi
2028 1294 2131 1334 longi-

82 1339 225 1370 tudinem
248 1349 314 1368 non
337 1337 479 1372 excedit„
502 1339 535 1367 in
558 1337 686 1367 Penaeo
709 1337 837 1367 Riimeri
861 1336 986 1378 flagella
1010 1337 1083 1377 ipsa
1106 1336 1230 1367 attinet.
1280 1335 1407 1376 Reliqui
1439 1337 1568 1365 articuli
1597 1336 1714 1365 baseos
1739 1340 1884 1376 quartam
1906 1336 1999 1376 primi
2028 1337 2131 1377 longi-

82 1383 226 1414 tudinem
249 1383 303 1411 vix
327 1386 484 1421 aequant,
522 1385 598 1410 suut
621 1385 725 1410 autem
749 1385 813 1410 tres
843 1381 874 1410 in
898 1380 1081 1420 exemplare
1105 1379 1244 1419 majore3
1288 1378 1375 1409 aliud
1407 1390 1482 1409 vero
1519 1379 1696 1420 exemplar,
1731 1379 1794 1409 hoc
1829 1379 1900 1419 ipso
1935 1379 2009 1410 loco
2042 1381 2133 1410 triste

83 1429 285 1466 corruptum,
320 1424 403 1454 duos
427 1428 552 1453 tautum
576 1423 730 1453 articulos
764 1423 889 1453 basales
915 1423 1067 1453 ostendit.
1114 1422 1161 1452 De
1186 1422 1384 1460 flagellorum
1422 1425 1453 1452 in
1484 1422 1598 1452 ultimo
1630 1422 1746 1452 baseos
1777 1422 1910 1452 articulo
1940 1424 2130 1453 insertorum

87 1467 291 1510 longitudine
314 1467 403 1497 haud
429 1467 519 1497 docti
543 1477 662 1497 sumus.

235 1511 456 1540 Antennarum
481 1514 683 1540 externarum
706 1513 833 1550 praeter
866 1509 1034 1539 articulum
1072 1509 1212 1538 basalem
1244 1508 1325 1538 nihil
1358 1508 1515 1549 reliquum
1548 1509 1579 1538 in
1610 1512 1751 1549 quatuor
1773 1508 1850 1537 meis
1885 1508 2129 1548 exemplaribus.

82 1554 144 1585 Est
166 1558 270 1583 autem
294 1553 418 1583 lamella
442 1557 631 1583 conservata
654 1555 686 1582 in
710 1553 816 1583 fossili
839 1552 996 1593 quodam,
1028 1552 1117 1592 quod
1143 1557 1191 1581 est
1225 1553 1325 1581 musei
1351 1552 1569 1593 minei-alogici
1594 1551 1871 1581 Vratislaviensis.
1917 1550 1989 1581 Hoc
2011 1553 2131 1592 magni-

84 1597 196 1628 tudine
219 1600 350 1636 superat
375 1596 480 1626 omnia
504 1596 610 1626 adhuc
633 1596 710 1626 mihi
734 1600 825 1633 nota3
850 1597 982 1636 longum
1007 1596 1088 1625 euim
1112 1594 1160 1624 ΒΝ
1185 1597 1255 1631 8’”;
1279 1595 1405 1624 lamella
1432 1595 1484 1626 ΙΝ.

236 1639 341 1669 Pedes
364 1639 505 1677 thoracis
530 1650 639 1669 omnes
663 1639 773 1669 eadem
798 1639 1016 1679 magnitudine
1039 1649 1108 1668 esse
1132 1637 1281 1668 videntur
1303 1637 1597 1679 monodactylique.
1636 1637 1756 1667 Eorum
1780 1637 1865 1666 basis
1888 1638 1921 1666 in
1948 1636 2130 1677 exemplare

85 1683 205 1723 majore
228 1692 291 1712 una
315 1693 385 1712 cuin
410 1686 518 1712 sterno
543 1687 659 1712 testam
682 1682 777 1723 fregit
800 1682 998 1723 fractamque
1021 1682 1175 1722 perrupit.
1224 1681 1330 1721 Supra
1354 1681 1440 1711 hunc
1465 1683 1570 1721 ipsum
1602 1681 1724 1716 locum,
1760 1680 1814 1710 ubi
1852 1683 1935 1709 testa
1964 1684 2129 1720 perrupta⁷

86 1726 384 1756 animadvertuntur
406 1725 560 1765 reliquiae
584 1725 818 1755 branchiarum.

238 1768 406 1798 Abdomen
430 1769 651 1809 longissimum
675 1773 858 1805 curvatum,
883 1772 1048 1808 segmento
1074 1773 1164 1797 sexto
1191 1767 1407 1796 anterioribus
1434 1767 1588 1808 longiore.
1634 1766 1670 1796 In
1696 1766 1876 1806 exemplare
1898 1766 2018 1806 majore
2040 1770 2130 1806 tegu-

86 1813 170 1842 mina
199 1811 270 1852 ipsa
293 1813 377 1841 (terni
402 1816 556 1852 possunt,
586 1813 617 1841 in
646 1812 767 1841 minore
796 1812 1024 1852 impressiones
1058 1815 1199 1847 tautum3
1237 1810 1362 1839 articuli
1395 1810 1487 1850 primi
1519 1813 1667 1851 tegumen
1703 1809 1837 1839 secundi
1871 1818 1976 1849 tegere
1997 1808 2132 1839 videtur.

86 1855 191 1885 Pedes
215 1854 366 1884 candales
391 1855 511 1895 magni,
536 1857 567 1884 in
592 1855 672 1884 duas
697 1855 828 1884 lacinias
853 1854 965 1889 divisi,
999 1855 1119 1885 criniti,
1151 1853 1269 1893 optime
1301 1855 1482 1883 conservati
1513 1854 1543 1882 in
1573 1852 1753 1893 exemplare
1784 1852 1915 1892 majore.
1960 1851 2134 1892 Appendix

88 1897 248 1928 natatoria
271 1897 413 1927 caudalis
437 1908 565 1938 magna,
589 1897 707 1927 lacinia
731 1897 834 1927 media
859 1898 1003 1936 trigona.
1028 1896 1216 1927 lateralibus
1242 1896 1397 1926 ovalibus.

240 1941 370 1970 Ocuri-it
399 1941 430 1970 in
460 1942 568 1970 stratis
594 1941 763 1971 Senonieis
787 1941 976 1981 junioribus
1004 1940 1092 1980 apud
1119 1939 1359 1975 &endenhorsm
1398 1944 1607 1969 conservatur
1636 1939 1667 1968 in
1697 1938 1887 1968 collectione
1911 1936 1966 1967 Dr.
1990 1947 2055 1966 von
2079 1936 2135 1966 der

89 1984 196 2019 Mark,
221 1983 434 2015 HannnensiS.

737 2099 753 2125 2
779 2098 873 2125 Genus
895 2095 1102 2136 omophorus
1134 2096 1219 2123 Milne
1243 2095 1378 2123 Edwards
1404 2097 1493 2124 1837.

756 2172 1023 2212 Oplophorus
1048 2170 1471 2210 Vonderma1·kin.sp.

259 2267 466 2296 Crustaeeum
491 2266 608 2306 gracile
632 2277 647 2295 c
670 2266 792 2296 familia
817 2266 977 2301 cai-idum,
1003 2270 1087 2295 testa
1111 2265 1216 2294 deleta
1239 2269 1365 2304 praeter
1388 2271 1527 2294 rostrum
1552 2267 1582 2292 et
1605 2262 1751 2302 regiones
1775 2262 1910 2296 vicinas,
1934 2261 2036 2302 primo
2059 2270 2134 2290 con-

90 2312 205 2349 spectu
227 2308 384 2339 Penaeum
408 2309 535 2339 Romen
557 2309 675 2339 habere
698 2314 841 2340 tentatus
866 2311 926 2345 sis,
950 2311 983 2339 in
1009 2309 1100 2348 cujus
1124 2309 1280 2338 societate
1305 2309 1452 2338 occurrit.
1498 2305 1691 2346 Diligentius
1717 2315 1791 2335 vero
1817 2308 2038 2345 comparatum
2054 2303 2134 2332 mul-

91 2353 131 2381 tis
154 2351 249 2381 rebus
272 2353 311 2382 ab
335 2352 396 2382 hoc
423 2352 542 2382 distare
571 2352 711 2383 videtur:
742 2354 880 2393 primum
911 2351 1185 2392 cephalothorace
1208 2361 1320 2381 versus
1351 2352 1524 2391 marginem
1555 2348 1745 2378 anteriorem
1777 2347 1989 2382 diminuente,
2020 2346 2135 2376 deinde

90 2398 196 2424 rostro
222 2396 423 2435 augustiore,
447 2395 548 2425 rarius
574 2399 604 2425 et
627 2406 691 2425 una
715 2398 795 2426 serie
819 2396 967 2432 dentato,
1001 2400 1067 2425 tum
1098 2396 1187 2425 varia
1221 2393 1407 2424 conditione
1434 2394 1600 2433 figuraque
1629 2391 1837 2421 articulorum
1867 2390 2064 2425 abdominis3
2098 2399 2135 2419 ea

93 2437 229 2477 denique
252 2440 392 2475 ratione,
417 2438 505 2479 quod
529 2438 662 2468 secundi
686 2439 840 2480 segmenti
865 2443 1013 2477 tegumen
1037 2438 1174 2478 primum
1198 2442 1228 2467 et
1257 2437 1383 2466 tertium
1416 2436 1494 2476 tegit
1523 2442 1553 2465 et
1577 2434 1666 2475 quod
1695 2438 1906 2464 antennarum
1933 2434 2135 2473 superiorum

94 2480 218 2510 articuli
242 2481 368 2511 basales
391 2481 569 2512 brevissimi
594 2486 686 2513 sunt.
711 2481 838 2523 flagella
862 2477 938 2511 vei-o
964 2481 1061 2521 longa
1085 2486 1181 2521 atque
1205 2479 1322 2509 valida.
1361 2479 1486 2517 Quibus
1511 2478 1550 2508 (le
1574 2478 1698 2507 caussis
1721 2474 2134 2507 crustaceumaPenaeidis

94 2524 226 2563 proprie
250 2523 344 2554 dictis
367 2535 530 2554 removere
563 2524 715 2555 debemus
740 2530 770 2554 et
794 2525 968 2565 adjungere
991 2524 1054 2553 illis
1079 2523 1256 2559 cai-idibus,
1282 2533 1362 2563 quas
1386 2522 1426 2552 de
1451 2522 1544 2551 Haan
1568 2521 1744 2551 nominavit
1763 2520 1925 2561 Atyadea.
1949 2519 2031 2549 inter
2054 2528 2135 2559 quas

245 2661 277 2692 ¹⁷)
295 2660 329 2686 Ut
348 2662 495 2691 Palaemon,
516 2660 644 2694 Lysmata,
666 2661 794 2687 Athanas,
815 2669 880 2694 quae
899 2661 930 2686 ad
951 2661 1013 2686 alias
1032 2666 1116 2685 antem
1137 2660 1254 2686 Cariduni
1275 2661 1394 2685 cohortes
1413 2659 1550 2692 pertinent.

245 2705 278 2733 ³⁵)
299 2703 369 2731 Jura,
389 2713 404 2737 p
433 2703 489 2729 804.

247 2746 279 2778 ³⁹)
300 2746 556 2776 l'etresactenknnde,
576 2754 599 2779 p.
621 2746 670 2771 273
