2308 2946
675 759 775 856 Α.
881 758 1522 856 Maerura.

930 925 965 972 1.
1008 924 1268 972 Locustina.

1026 1015 1174 1051 Palinuri.

806 1116 831 1143 1.
878 1115 970 1143 Genus
992 1112 1172 1146 Palinurus
1194 1113 1279 1141 Fabr.
1307 1114 1395 1141 1798.

754 1181 976 1211 Palinurus
1000 1179 1316 1220 Baumbergicus
1341 1190 1371 1210 n.
1396 1191 1444 1220 sp.

228 1240 335 1280 Hujus
360 1241 478 1281 speciei
503 1241 563 1270 sub
589 1240 691 1270 oculis
716 1241 820 1272 habeo
845 1241 910 1272 duo
934 1239 1146 1281 exemplaria,
1178 1249 1260 1280 quae
1291 1250 1390 1281 quum
1420 1239 1560 1280 aliquam
1591 1239 1809 1271 diversitatem
1845 1242 2022 1282 praebeant
2049 1253 2122 1283 per-

75 1283 239 1319 scrutanti,
263 1283 390 1324 singula
414 1283 626 1313 describenda
651 1294 777 1316 censeo,

228 1326 374 1367 subjicio
400 1326 530 1356 alterius
554 1326 812 1367 descriptionem.

229 1369 382 1399 Carcinus
406 1370 473 1399 sine
497 1372 646 1400 antennis
671 1370 748 1400 49¹s¹
773 1371 907 1411 longus3
941 1370 1031 1410 ipsae
1056 1374 1215 1399 antennae
1238 1369 1335 1404 63¹¹';
1370 1368 1701 1409 cephalothorax
1733 1370 1914 1401 abdominis
1945 1372 2123 1413 longitudi-

74 1423 146 1442 nem
170 1423 271 1452 paene
295 1423 438 1453 aequans
462 1413 548 1443 claro
573 1413 664 1443 sulco
688 1424 774 1454 pone
796 1415 959 1454 regionem
982 1412 1151 1443 ventriculi
1180 1412 1212 1442 in
1242 1411 1323 1442 duas
1354 1416 1463 1452 partes
1498 1411 1637 1449 divisus,
1672 1412 1847 1444 tuberculis
1880 1414 1943 1445 illis
1977 1415 2123 1456 gibbosis

75 1455 233 1496 spinosis,
258 1456 376 1496 quibus
400 1456 597 1496 exemplaria
620 1457 691 1486 viva
716 1457 892 1492 excellunt,
923 1458 1054 1486 omnino
1079 1455 1314 1485 deficientibus.
1369 1455 1643 1485 Antennarum
1667 1459 1869 1487 externarum
1894 1458 2020 1488 articuli
2042 1458 2122 1488 infe-

73 1500 186 1533 riores,
210 1501 369 1539 percrassi
394 1503 498 1529 totum
522 1499 587 1529 fere
611 1501 777 1529 anterioris
802 1500 953 1541 marginis
978 1499 1179 1528 latitudinem
1203 1498 1392 1538 opplentes,
1421 1498 1451 1528 in
1476 1498 1575 1528 latere
1599 1501 1767 1538 superiore
1790 1501 1949 1541 granulis,
1980 1502 2012 1531 in
2041 1512 2122 1532 mar-

73 1543 146 1582 gine
170 1546 303 1572 externo
328 1542 430 1582 spinis
455 1542 563 1583 rigidi:
610 1548 818 1573 antennarum
843 1545 1039 1573 internarum
1063 1542 1188 1572 articuli
1212 1541 1340 1571 basales
1363 1541 1461 1582 longi,
1485 1546 1608 1578 tenueS,
1632 1542 1744 1583 glabri.
1811 1543 2065 1582 Abdominis,
2089 1546 2122 1575 in

72 1584 167 1614 finem
190 1595 303 1615 versus
326 1585 508 1626 paullulum
532 1587 715 1621 minuentis,
740 1592 904 1627 segmenta
927 1590 1004 1615 sunt
1027 1586 1156 1615 omnino
1182 1585 1310 1627 glabra,
1333 1584 1504 1614 latitudine
1528 1585 1762 1626 longitudinem
1785 1586 1992 1627 duplicante,
2015 1592 2119 1618 trans-

72 1638 163 1657 verse
194 1628 413 1665 subconcava,
452 1629 484 1658 in
521 1629 662 1670 margine
696 1632 860 1670 superiore
897 1634 927 1659 et
962 1628 1111 1658 inferiore
1140 1628 1179 1658 ad
1213 1633 1319 1658 torum
1349 1627 1510 1668 quendam
1542 1632 1715 1669 angustum
1745 1633 1777 1659 et
1810 1634 1936 1660 tenuem
1960 1629 2120 1672 porrecta.

75 1670 286 1711 Segmenta
309 1672 419 1711 priora
442 1671 551 1702 eadem
577 1672 806 1711 magnitudine,
832 1675 978 1714 quintum
1003 1671 1100 1712 paulo
1125 1671 1270 1712 longius3
1302 1675 1427 1700 sextum
1452 1670 1673 1712 hemicyclium
1697 1672 1831 1702 laminas
1856 1673 2007 1704 candales
2030 1678 2120 1704 nata—

72 1714 172 1744 torias
195 1713 257 1744 fert
280 1714 375 1744 valde
399 1716 602 1750 incurvatas3
635 1711 818 1756 'septimum
841 1716 970 1746 omnino
992 1715 1192 1755 replicatum.
1261 1714 1507 1755 seg-mentorum
1530 1714 1727 1755 appendices
1750 1717 1805 1746 vix
1828 1718 1964 1758 vestigia
1985 1717 2120 1759 relique-

71 1762 161 1794 runt3
187 1768 323 1798 quorum
346 1760 505 1798 margines
529 1769 596 1788 non
619 1764 768 1790 sei-ratae.
814 1759 919 1789 Pedes
943 1768 1056 1788 tenues
1080 1758 1180 1788 fuisse
1205 1762 1235 1788 et
1258 1758 1384 1798 longos,
1408 1757 1587 1798 fragmenta
1609 1757 1840 1790 demonstrant.

227 1800 379 1841 Sequitur
402 1801 534 1831 alterius
559 1801 744 1842 descriptio.

227 1843 380 1873 Carcinus
405 1855 430 1873 c.
456 1847 533 1874 36¹¹¹
557 1844 689 1886 longus,
720 1849 878 1874 antennae
908 1856 933 1874 c.
958 1848 1046 1876 3811‘,
1079 1844 1109 1873 in
1139 1845 1297 1873 anteriore
1321 1845 1461 1884 margine
1485 1843 1578 1873 binae
1602 1846 1714 1884 spinae
1737 1845 1863 1881 (dubito
1888 1856 1929 1876 an
1953 1848 2065 1887 quinta
2087 1849 2120 1877 in

73 1885 192 1923 medio)
217 1897 298 1927 quae
322 1898 431 1917 omnes
456 1889 538 1917 inter
562 1898 595 1917 se
619 1889 821 1929 conjunctae,
846 1888 945 1917 latera
968 1892 1150 1928 sequentes,
1174 1891 1260 1916 retro
1285 1886 1466 1927 productae
1490 1897 1560 1916 esse
1585 1887 1742 1919 videntur.
1777 1888 1937 1930 Regiones
1950 1889 2119 1920 branchia·

70 1928 116 1959 les
140 1929 336 1970 granulatae.
382 1930 420 1960 In
444 1932 615 1971 segmentis
639 1931 898 1961 abdominalibus
922 1931 1150 1971 depressiones
1175 1934 1343 1970 apparent.

225 1972 331 2010 Quum
354 1977 481 2013 praeter
503 1974 755 2015 magnitudinem
786 1979 817 2004 et
847 1979 994 2004 naturam
1026 1973 1228 2014 spinulosam
1258 1977 1289 2003 et
1320 1973 1520 2014 granulatam
1549 1983 1698 2014 magnum
1726 1978 1921 2005 momentum
1949 1986 2015 2006 non
2036 1975 2120 2007 inter

70 2016 112 2044 sit
134 2016 217 2045 inter
238 2015 301 2045 hoc
326 2020 526 2046 crustaceum
559 2022 590 2047 et
623 2017 719 2053 illud,
756 2017 886 2053 dubito,
923 2028 964 2047 an
999 2017 1061 2046 hae
1095 2016 1298 2046 diversitates
1333 2016 1460 2046 diverso
1497 2019 1756 2047 conservationis
1791 2017 1905 2059 gradui
1942 2019 2118 2050 attribuen-

72 2057 131 2088 dae
156 2059 230 2089 sint.

223 2101 306 2131 Dum
333 2102 570 2143 exemplaribus
594 2103 781 2134 melioribus
805 2103 1059 2138 dissuadebunt,
1094 2106 1231 2143 utraque
1264 2106 1430 2132 crustacea
1463 2102 1605 2143 ejusdem
1637 2104 1755 2144 speciei
1784 2114 1854 2134 esse
1883 2103 2031 2134 dubitare
2052 2115 2120 2136 non

70 2154 256 2184 possumus.

223 2187 330 2227 Hujus
354 2190 510 2218 crustacei
534 2190 677 2220 inventio
702 2200 739 2219 ea
762 2191 936 2230 praecipue
961 2189 1000 2219 de
1025 2199 1143 2219 caussa
1165 2188 1274 2230 magni
1295 2190 1448 2218 momenti
1473 2193 1530 2225 est,
1556 2188 1646 2229 quod
1669 2190 1806 2230 primum
1831 2189 2032 2220 demonstrat
2054 2190 2118 2221 hoc

70 2239 171 2270 genus
194 2229 367 2260 Palinurus
390 2231 508 2261 vixisse
527 2232 594 2272 jam
616 2232 672 2262 illo
696 2237 848 2273 tempore,
873 2243 937 2274 quo
961 2236 1046 2262 terra
1068 2232 1254 2262 hominibus
1280 2231 1418 2267 carebat,
1443 2241 1516 2261 nam
1541 2233 1681 2273 species,
1707 2242 1789 2272 quae
1813 2236 1908 2262 antea
1928 2233 2012 2263 inter
2032 2233 2118 2264 Pali--

70 2283 171 2303 nuros
194 2279 342 2314 receptae
367 2280 456 2304 erant
479 2280 534 2304 aut
558 2277 683 2306 ratione
705 2276 919 2306 insufficiente
942 2280 1089 2316 receptae
1120 2280 1211 2305 erant
1241 2280 1297 2305 aut
1331 2285 1410 2305 mox
1443 2274 1513 2305 aliis
1544 2275 1715 2316 generibus
1752 2275 1976 2306 attribuendae
2012 2282 2117 2308 erant:

69 2314 240 2346 Palinurus
265 2318 367 2347 Suerii
392 2321 423 2347 et
446 2317 617 2348 Palinurus
640 2319 846 2360 Regleyanus
871 2318 1007 2356 Desm.¹)
1031 2318 1071 2348 ab
1095 2318 1280 2348 Hermanno
1306 2318 1345 2348 de
1369 2318 1480 2359 Meyer
1508 2320 1713 2359 transscripti
1742 2322 1818 2349 sunt
1840 2319 2000 2360 Pemphix
2014 2320 2118 2350 Suerii

71 2362 102 2388 et
126 2358 276 2399 Glyphea
298 2359 505 2401 Regleyanus
515 2361 550 2399 2).
596 2361 645 2392 De
667 2362 820 2392 Palinuro
844 2363 1004 2392 unicicato
1028 2361 1153 2397 Phill.³)
1171 2360 1329 2402 judicium
1352 2371 1455 2391 meum
1478 2361 1679 2391 retinendum
1703 2372 1772 2391 esse
1796 2372 1928 2398 censeo;
1957 2373 2028 2393 eum
2050 2374 2118 2394 non

70 2401 148 2431 satis
172 2402 253 2431 bene
276 2402 439 2443 depictum
463 2414 533 2434 esse
557 2404 664 2435 doleo.

222 2444 319 2475 Parvi
343 2447 460 2476 carcini
484 2450 610 2488 generis
632 2447 819 2478 Palinurina
842 2447 997 2486 Miinst.⁴)
1022 2457 1062 2476 ex
1078 2447 1181 2482 „Alba
1194 2446 1290 2476 Jura“
1314 2446 1403 2487 apud
1419 2446 1599 2476 Solnhofen
1624 2447 1665 2477 ad
1678 2447 1860 2478 Danubium
1885 2447 1995 2478 effossi
2019 2459 2114 2479 veros

70 2486 241 2518 Palinuros
266 2493 487 2528 praecurrunt.

223 2530 370 2561 Occurrit
395 2533 426 2561 in
450 2535 560 2562 stratis
584 2533 754 2564 Senonicis
778 2533 998 2574 superioribus
1024 2534 1141 2563 montis
1166 2533 1384 2573 Baumbergae
1409 2532 1450 2562 ad
1475 2532 1622 2564 Nottuln.

224 2651 243 2683 ι)
263 2651 345 2677 Crust.
368 2651 450 2677 sossil.
472 2651 544 2677 1822.

219 2693 243 2726 ¹)
259 2693 335 2718 Neue
354 2693 424 2719 Gatt.
445 2693 509 2719 foss.
528 2694 574 2720 Kr.
596 2694 671 2721 1840.

223 2736 245 2769 ¹)
264 2736 385 2770 Geology
405 2736 436 2761 of
450 2735 602 2767 Yorkshire‚
623 2737 697 2763 1836.

220 2779 244 2812 ⁴)
264 2778 382 2812 Beitrfige
401 2779 432 2805 Il.
454 2778 529 2805 1839.
