2308 2946
880 931 1309 1015 Prolegomena.

71 1217 219 1272 Fossilia
242 1250 388 1271 macrura
413 1244 580 1269 crustacea
603 1238 819 1268 tractantibus
843 1237 937 1267 nobis
961 1238 1067 1267 variae
1090 1236 1232 1266 rationes
1256 1236 1383 1277 iniquae
1407 1236 1636 1277 impedimento
1660 1240 1745 1267 sunt.
1779 1234 1919 1266 Primum
1935 1235 2026 1272 enim,
2038 1245 2119 1276 quo-

70 1293 175 1323 minus
199 1292 297 1333 hujus
322 1292 437 1322 classis
461 1289 610 1320 animalia
634 1300 718 1330 quae
742 1290 916 1330 perierunt,
942 1298 1187 1329 cognoscamus,
1210 1287 1243 1317 id
1269 1287 1386 1325 obstat,
1411 1287 1500 1328 quod
1523 1290 1685 1319 rarissime
1706 1287 1921 1318 inveniuntur.
1956 1285 2019 1324 Qui
2041 1297 2118 1316 vero

71 1355 194 1376 summo
225 1343 333 1374 studio
357 1353 394 1373 ac
417 1342 576 1372 industria
600 1341 734 1382 indagat
757 1345 788 1370 et
811 1340 944 1371 fortuna
967 1339 1149 1380 adjuvatur,
1174 1343 1209 1369 ut
1232 1340 1260 1368 ei
1284 1339 1460 1380 contingat,
1480 1344 1516 1370 ut
1539 1340 1665 1380 lapides
1688 1339 1759 1369 illas
1779 1338 1835 1368 diu
1854 1337 2053 1368 desideratas
2072 1338 2119 1368 in-

69 1398 189 1432 veniat,
212 1395 275 1425 hoc
296 1396 472 1436 praemium
496 1393 615 1434 privati
639 1392 739 1422 studii
762 1397 858 1433 atque
881 1392 1003 1421 laboris
1023 1392 1054 1420 in
1073 1392 1232 1431 privatam
1249 1390 1471 1421 collectionem
1484 1391 1558 1432 jure
1577 1391 1651 1421 abdi
1674 1394 1799 1425 censet;
1817 1400 1881 1430 quo
1899 1389 1945 1425 fit,
1966 1394 2003 1419 ut
2017 1389 2119 1420 mino-

69 1458 136 1478 rem
159 1447 311 1477 scientiae
333 1446 502 1476 utilitatem
526 1444 667 1474 afferant.
712 1444 747 1474 Si
770 1443 898 1473 taudem
930 1454 968 1473 eo
1000 1442 1187 1483 proveneris
1217 1446 1253 1472 ut
1281 1444 1353 1483 ipse
1380 1442 1539 1472 inveneris
1570 1447 1736 1473 crustacea
1763 1441 1890 1471 fossilia
1920 1446 1952 1470 et
1979 1440 2019 1470 ab
2048 1440 2119 1471 aliis

70 1492 204 1529 inventa
227 1502 431 1539 perscrutare
454 1496 556 1531 liceat,
582 1506 679 1536 quum
705 1495 746 1525 ad
771 1495 964 1525 collocanda
987 1495 1019 1524 in
1044 1493 1217 1534 disciplina
1239 1493 1387 1523 animalia
1410 1494 1604 1535 aggrederis,
1626 1504 1710 1524 nova
1733 1493 1790 1523 tibi
1815 1493 1956 1523 occurrit
1977 1502 2014 1522 ea
2037 1491 2119 1522 diffi-

71 1550 185 1586 cultas,
210 1550 301 1591 quod
324 1548 450 1579 fossilia
474 1554 640 1578 crustacea
664 1547 854 1588 plerumque
878 1557 942 1576 non
966 1546 1183 1582 inveniuntur,
1204 1545 1267 1575 nisi
1290 1544 1384 1575 valde
1408 1545 1503 1577 laesa.
1551 1545 1641 1584 Quae
1671 1556 1721 1575 res
1749 1543 1978 1585 impedimenta
2008 1543 2120 1585 objicit

71 1613 109 1633 eo
133 1602 267 1642 majora,
293 1612 357 1642 quo
382 1600 534 1641 majorem
564 1599 627 1629 vim
659 1604 690 1629 et
722 1600 946 1628 auctoritatem
978 1597 1018 1627 ad
1047 1596 1240 1627 collocanda
1269 1596 1419 1627 animalia
1450 1597 1636 1627 subtiliores
1666 1597 1739 1626 illae
1767 1595 1980 1626 membrorum
2009 1599 2119 1636 partes

70 1653 200 1690 habent,
225 1662 307 1694 quas
332 1652 456 1682 deletas
479 1662 550 1681 esse
574 1650 675 1680 doles.
721 1651 811 1688 Quae
836 1660 934 1690 quum
958 1649 1003 1679 ita
1027 1651 1105 1684 sint,
1130 1667 1170 1671 —
1201 1648 1275 1678 dico
1305 1648 1521 1678 inventionem
1553 1660 1623 1678 esse
1652 1659 1769 1685 raram,
1796 1649 1964 1688 ipsamque
1991 1646 2119 1684 irritam,

72 1707 203 1735 inventa
226 1705 316 1734 triste
340 1703 429 1733 laesa
452 1713 556 1743 neque
580 1702 697 1732 idonea
721 1702 762 1731 ad
786 1701 1006 1742 adjuvandum
1024 1700 1181 1742 judicium
1205 1700 1237 1730 iu
1267 1700 1530 1730 reconstruendis
1562 1700 1754 1740 corporibus
1783 1717 1824 1721 —
1855 1697 2030 1728 timendum
2059 1702 2118 1734 est,

67 1755 226 1797 judicium
251 1760 282 1786 et
305 1755 466 1796 ingenium
490 1764 571 1783 vane
595 1753 763 1794 impendas
788 1755 819 1783 in
845 1752 1090 1793 cognoscendas
1114 1763 1180 1786 res,
1206 1762 1288 1792 quae
1312 1752 1442 1781 omnino
1467 1752 1619 1792 cognosci
1644 1762 1709 1781 non
1733 1754 1887 1791 possunt,
1910 1760 1989 1780 neve
2017 1749 2118 1779 scien-

71 1809 162 1844 tiam,
192 1818 286 1848 quam
315 1807 470 1847 adjuvare
501 1805 630 1846 quidem
660 1806 722 1842 vis,
751 1815 861 1835 revera
891 1804 982 1834 salsis
1013 1803 1276 1834 conclusionibus
1306 1803 1485 1844 perturbes.
1509 1822 1549 1826 -—
1574 1803 1699 1841 Quibus
1723 1813 1738 1832 e
1762 1802 1859 1831 rebus
1882 1805 2027 1842 apparet,
2053 1811 2118 1841 quo

70 1858 170 1889 modo
194 1858 314 1888 factum
339 1860 389 1893 sit,
415 1864 451 1887 ut
474 1868 578 1898 pauca
600 1862 724 1887 tantum
749 1867 848 1896 opera
872 1856 1015 1886 fossilem
1039 1855 1287 1896 carcinologiam
1311 1855 1568 1895 complectentia,
1594 1854 1701 1894 qualia
1713 1852 2117 1888 Desmaresti,Muensteri,

70 1909 110 1941 Η,
136 1909 175 1939 de
198 1910 328 1950 Meyeri,
357 1909 470 1950 M'Coy
499 1909 585 1938 edita
609 1909 681 1944 sint,
706 1913 741 1938 ut
764 1908 816 1938 vel
840 1907 1114 1948 monographicae
1140 1907 1179 1936 de
1203 1907 1378 1948 geologicis
1409 1912 1465 1936 aut
1494 1905 1717 1947 geographicis
1747 1904 1934 1945 regionibus
1966 1903 2118 1934 disserta-

72 1963 176 1991 tiones
201 1961 241 1991 ad
265 1961 423 1991 fossilium
447 1971 664 1990 macrurorum
688 1964 928 1989 crustaceoruni
953 1961 1171 2000 coguitionem
1200 1969 1266 1988 non
1296 1958 1430 1988 multum
1461 1958 1671 1992 contulerint,
1700 1960 1737 1986 ut
1758 1956 1795 1987 A.
1820 1955 1963 1992 Romeri,
1992 1955 2117 1992 Reussi,

72 2012 220 2047 Geinitzi,
244 2011 374 2047 Dixoni,
387 2012 486 2042 Kneri
510 2017 541 2042 et
564 2012 714 2042 aliorum:
739 2015 770 2040 et
782 2016 817 2040 ut
831 2012 863 2041 in
878 2010 1079 2051 explicandis
1093 2011 1141 2046 iis,
1156 2020 1238 2051 quae
1251 2010 1496 2040 excutiebantur
1509 2019 1624 2050 magna
1638 2018 1734 2049 saepe
1749 2007 1917 2038 exsisteret
1933 2006 2119 2048 discrepan-

73 2066 129 2100 tia,
155 2074 237 2104 quae
261 2065 357 2104 copia
379 2068 503 2093 tantum
526 2063 691 2104 paullatim
715 2067 910 2103 augescente
934 2062 1002 2092 tolli
1026 2063 1136 2103 potuit
1160 2067 1190 2092 et
1214 2062 1341 2092 sublata
1365 2066 1423 2092 est.
1469 2060 1574 2099 Quum
1604 2064 1709 2090 autem
1731 2063 1851 2090 certum
1880 2062 1943 2094 est,
1967 2058 2052 2094 fore,
2083 2064 2120 2089 ut

71 2115 178 2145 dubiis
202 2115 468 2145 evanescentibus
491 2116 707 2155 materiaeque
730 2114 878 2144 ubertate
902 2118 1074 2146 crescente,
1100 2113 1181 2143 haec
1207 2124 1337 2155 quoque
1360 2112 1644 2154 palaeontologiae
1667 2122 1742 2152 pars
1767 2112 1811 2141 ita
1834 2110 2061 2146 illustraretur,
2084 2115 2120 2140 ut

71 2167 248 2208 geognosia
270 2170 301 2196 et
324 2166 474 2207 zoologia
498 2167 566 2207 ejus
588 2166 712 2196 fructus
736 2170 890 2206 carperet,
915 2166 1036 2195 nostris
1059 2165 1261 2205 temporibus
1284 2175 1432 2206 magnum
1457 2164 1598 2194 studium
1618 2174 1687 2193 esse
1706 2163 1813 2203 coepit
1834 2161 2032 2203 colligendae
2052 2172 2117 2192 ma-

69 2218 167 2248 teriae
191 2223 222 2248 et
248 2218 479 2258 disponendae.

223 2270 258 2299 In
283 2269 427 2299 Britania
450 2269 520 2299 Bell
544 2269 584 2299 de
607 2268 782 2299 crustaceis
807 2268 956 2298 tertiariis
981 2269 1103 2309 primus
1129 2269 1275 2308 scripsit3
1299 2269 1332 2297 in
1357 2267 1461 2297 Gallia
1490 2266 1621 2297 Etallou
1651 2276 1754 2306 nuper
1783 2265 1950 2306 patefecit,
1980 2269 2119 2306 quantae

72 2320 231 2350 fossilium
254 2326 493 2351 crustaceorum
518 2322 630 2361 copiae
654 2322 687 2350 in
711 2320 799 2350 saxis
818 2319 988 2360 jurassicis
1013 2318 1137 2349 Galliae
1160 2318 1311 2349 conditae
1333 2324 1424 2353 sunt;
1471 2319 1559 2348 teuss
1588 2317 1671 2347 libro
1705 2317 1834 2358 optimis
1863 2317 1975 2347 formis
2004 2321 2118 2347 ornato

72 2371 254 2413 brachyura
278 2372 446 2413 decapoda
470 2373 609 2403 omnium
640 2371 866 2402 formationum
896 2373 1062 2403 tractavit:
1092 2370 1190 2400 Milne
1219 2370 1379 2400 Edwards
1408 2370 1606 2411 peculiarem
1634 2368 1900 2398 Thalassinorum
1930 2368 2119 2409 descriptio-

66 2433 137 2453 nem
162 2422 282 2459 edidit,
306 2423 345 2454 de
370 2423 539 2454 Germania
562 2423 761 2453 meridionali
786 2428 817 2453 et
841 2423 880 2453 de
903 2422 1050 2453 Helvetia
1073 2422 1163 2452 brevi
1186 2426 1331 2462 tempore
1355 2421 1462 2462 Oppel
1485 2431 1635 2462 magnum
1660 2430 1743 2461 opus
1771 2421 1908 2455 emittet,
1950 2419 2040 2460 quod
2063 2420 2117 2450 ab·

69 2474 228 2504 undantia
251 2476 375 2516 insigne
399 2475 468 2505 fore
491 2485 667 2516 speramus,
692 2479 769 2505 nota
792 2475 825 2504 in
841 2473 1133 2514 WVurtemburgic-is
1152 2473 1192 2503 de
1209 2473 1347 2503 historia
1365 2472 1503 2503 naturali
1520 2472 1691 2502 annalibus
1707 2482 1810 2512 nuper
1821 2471 1988 2512 publicata
2001 2471 2116 2511 edocti·

219 2526 270 2555 Ad
296 2537 377 2567 quae
400 2526 665 2566 splendidissima
688 2536 788 2567 opera
811 2526 890 2556 haec
914 2530 1026 2556 nostra
1056 2525 1224 2565 inquisitio
1248 2525 1456 2555 tenuissimus
1481 2528 1617 2554 conatus
1641 2523 1775 2554 accedit.
1820 2523 1939 2564 Magna
1962 2533 2117 2554 censurae

64 2576 198 2617 indulge
209 2579 276 2607 ntia
301 2577 375 2607 huic
399 2578 559 2618 opusculo
579 2578 646 2618 jam
670 2588 707 2607 ea
731 2577 770 2607 de
794 2587 909 2607 caussa
934 2588 1018 2618 opus
1043 2586 1114 2606 esse
1137 2586 1202 2606 non
1226 2577 1355 2617 ignoro,
1379 2576 1469 2616 quod
1491 2576 1653 2606 materiam
1678 2578 1803 2612 tractat,
1827 2585 1918 2615 quae,
1941 2584 2057 2614 magna
2080 2585 2118 2604 ex

66 2632 158 2668 parte
183 2639 258 2658 non
280 2631 413 2669 integra,
438 2639 543 2669 pauca
566 2634 690 2659 tantum
714 2629 950 2669 complectitur.
996 2628 1078 2658 Nam
1102 2628 1225 2658 etiamsi
1247 2628 1405 2658 nonnulla
1427 2638 1505 2668 prae
1525 2627 1595 2657 aliis
1618 2627 1699 2657 bene
1722 2630 1915 2657 conservata
1937 2631 2026 2663 sunt,
2056 2625 2117 2656 alia

65 2687 170 2709 tamen
194 2679 288 2710 valde
313 2684 389 2710 sunt
411 2680 500 2710 laesa
524 2684 622 2721 atque
647 2685 809 2721 corrupta.
855 2680 968 2721 Neque
992 2690 1029 2710 ea
1052 2679 1225 2710 edidissem
1252 2680 1315 2710 nisi
1336 2679 1398 2710 hac
1422 2690 1479 2720 spe
1503 2678 1695 2720 perductus,
1719 2678 1804 2714 fore,
1827 2682 1863 2707 ut
1895 2688 1977 2717 quae
2005 2687 2116 2708 manca

62 2739 149 2767 sunt,
174 2731 203 2761 si
226 2731 256 2761 in
281 2731 385 2761 lucem
409 2731 588 2767 ederentur,
614 2731 820 2772 explerentur
843 2742 880 2761 ac
904 2731 1117 2762 reficerentur.
