2308 2946
994 513 1224 577 vita.

83 791 244 846 Clemens
254 814 382 855 August
395 812 555 848 Schlfiter,
578 811 653 842 fidei
666 811 843 842 catholicae
856 811 1015 848 addictus,
1030 817 1126 843 natus
1146 824 1215 844 sum
1228 813 1429 851 Coesfeldae‚
1445 814 1478 845 in
1491 814 1656 846 Gustfalia
1670 815 1752 847 urbo
1770 826 1877 846 annno
1890 814 1922 847 h.
1937 826 1962 847 s,
1976 815 2124 847 XXXVI

90 880 181 918 patre
210 875 331 916 optimo
344 872 488 904 Arnoldo
503 871 662 908 Schffiter,
686 871 859 902 consiliaro
878 871 992 913 judieii
1015 875 1191 914 superioris
1216 873 1347 912 ordinis,
1370 878 1470 905 matre
1482 874 1626 906 Antonia
1645 879 1768 918 egente
1781 875 2126 912 Scheffer-Boichorst‚

90 946 176 978 quos
200 935 254 965 diu
274 934 352 964 mihi
376 936 547 964 conservet
567 931 745 962 incolumes
769 931 849 961 deus
875 932 1015 972 optimus
1036 933 1204 964 maximus.

237 994 353 1025 Primis
376 993 541 1024 literarum
565 992 729 1022 elementis
752 991 980 1022 Paderbornae
1003 992 1035 1022 in
1059 989 1137 1023 ludo
1160 993 1293 1035 publico
1317 994 1471 1032 eruditus,
1494 994 1611 1025 deinde
1639 995 1672 1025 in
1694 995 1864 1038 gymnasio
1893 995 2126 1027 Theodoriano

86 1056 267 1092 institutus,
292 1053 530 1085 Coesfeldiense
553 1052 693 1094 denique
716 1052 848 1088 accessi,
872 1052 927 1082 ubi
950 1053 1142 1084 maturitatis
1164 1054 1383 1085 testimonium
1411 1054 1550 1096 adeptus
1579 1066 1649 1086 sum
1679 1064 1764 1086 anno
1794 1054 1825 1086 h.
1855 1066 1881 1087 s.
1910 1055 2011 1087 LVII.
2057 1055 2126 1087 Sub

91 1115 273 1148 autumnale
295 1121 432 1155 tempus,
457 1123 556 1154 quum
575 1113 642 1154 jam
664 1112 874 1154 intelligerem
896 1113 1057 1154 ingenium
1080 1124 1183 1144 meum
1206 1114 1358 1145 inclinare
1381 1114 1423 1145 ad
1446 1125 1497 1146 res
1520 1116 1764 1157 geognosticas,
1792 1114 1844 1145 his
1866 1115 1946 1157 ipsis
1968 1115 2065 1146 rebus
2096 1119 2128 1146 et

90 1176 231 1207 studium
254 1180 286 1206 et
309 1185 439 1216 operam
463 1183 580 1204 navare
603 1172 705 1214 coepi,
728 1182 921 1214 manumque
944 1183 1047 1215 usque
1070 1173 1112 1205 ad
1135 1173 1251 1205 callum
1273 1175 1407 1216 praebui
1430 1186 1487 1217 per
1510 1175 1595 1207 duos
1614 1186 1718 1206 annos
1747 1175 1891 1207 Essenae
1915 1179 1947 1206 et
1974 1175 2008 1206 in
2036 1186 2126 1206 mon-

83 1236 171 1267 tibus
193 1236 394 1277 Hercynicis.

236 1295 369 1332 Deinde,
392 1294 445 1324 his
469 1293 656 1335 regionibus
680 1292 807 1331 relictis,
830 1293 1014 1324 Berolinum
1038 1294 1254 1336 commigravi,
1277 1294 1333 1325 ubi
1356 1294 1497 1327 virorum
1520 1294 1782 1326 doctissimorum
1805 1295 1960 1326 lectiones
1984 1295 2127 1327 audirem

91 1366 150 1398 per
163 1355 238 1386 bina
249 1356 422 1386 semestria.
458 1354 583 1392 Quibus
607 1354 747 1395 peractis
771 1354 854 1385 hanc
883 1354 997 1385 almam
1027 1354 1216 1386 Viadrinam
1237 1359 1369 1386 matrem
1392 1357 1517 1386 accessi
1540 1359 1572 1386 et
1594 1366 1613 1385 a
1634 1356 1704 1386 viro
1717 1355 1761 1388 ill.
1773 1355 1917 1392 Braniss,
1931 1361 2006 1387 tunc
2018 1356 2125 1387 fasces

90 1410 235 1453 tenente(
252 1417 335 1447 inter
357 1418 442 1446 cives
466 1414 647 1445 academiae
668 1418 818 1456 receptus
842 1415 983 1456 quinque
1007 1417 1173 1446 semestria
1196 1415 1313 1446 studiis
1335 1415 1412 1446 meis
1435 1416 1578 1446 incubui.

235 1476 321 1507 Intra
342 1476 406 1507 hos
430 1470 535 1507 annos
558 1475 827 1516 praeceptoribus
851 1486 930 1506 usus
961 1486 1030 1506 sum
1059 1475 1109 1506 his
1141 1476 1218 1506 viris
1248 1475 1498 1513 Illustrissimis,
1529 1476 1757 1513 celeberrimis,
1785 1475 1942 1507 Berolini:
1977 1476 2126 1515 Althaus,

85 1535 235 1578 Beyrich,
260 1536 300 1566 de
323 1536 465 1574 Daniels‚
487 1536 590 1572 Dove,
604 1535 993 1576 Lepsius,Mitscherlich‚
1007 1536 1142 1572 Rudorf‚
1156 1536 1203 1574 G„
1218 1536 1307 1568 Rose
1329 1555 1370 1559 —
1394 1547 1453 1567 nec
1474 1547 1542 1567 non
1554 1535 1707 1574 Bertram,
1721 1536 1961 1574 Klostermann,
1974 1537 2125 1574 Lottner3

86 1596 319 1628 Vratislaviae:
343 1596 474 1634 Aubert‚
499 1595 601 1634 Cohn,
624 1595 866 1634 Frankenheim,
889 1596 1052 1633 Frankhn,
1076 1596 1234 1638 Goppert‚
1260 1596 1380 1633 Grube,
1403 1596 1597 1634 Junkmann,
1621 1596 1745 1639 Lowig,
1769 1597 1933 1634 Marbach,
1957 1597 2103 1629 Roemer.

233 1656 369 1698 Jamjam
392 1657 492 1698 igitur
513 1667 572 1698 per
594 1657 765 1688 triennium
789 1657 820 1687 in
844 1657 1033 1688 academicis
1057 1657 1175 1687 studiis
1187 1661 1336 1688 versatus
1350 1660 1449 1698 atque
1462 1657 1611 1693 scientiis,
1627 1657 1771 1698 inprimis
1783 1657 1864 1693 illas.
1879 1657 2123 1699 quaedieuntm,

87 1716 254 1754 naturalis,
278 1721 408 1748 secutus
432 1717 578 1748 ultimum
602 1717 665 1748 hoc
689 1719 802 1748 virium
826 1722 986 1748 tentamen
1011 1717 1139 1754 accedo,
1161 1720 1198 1747 ut
1220 1716 1373 1753 honores,
1398 1728 1481 1758 quos
1504 1717 1777 1759 philosophorum
1801 1718 2018 1759 amplissimus
2041 1718 2123 1749 ordo

81 1776 239 1808 maximos
262 1777 396 1814 confert,
420 1777 592 1818 adipiscar.

231 1837 274 1868 At
296 1837 391 1868 finem
414 1838 518 1869 facere
541 1849 607 1869 non
630 1849 775 1880 possum,
801 1839 878 1879 quin
903 1838 1060 1873 omnibus,
1086 1838 1141 1879 qui
1163 1838 1311 1868 laborum
1336 1848 1478 1869 meorum
1501 1838 1667 1880 adjutores
1690 1838 1820 1869 fuerunt
1842 1842 1875 1869 et
1897 1838 2040 1869 fautores
2064 1838 2120 1880 pio

81 1898 189 1929 animo
213 1900 332 1940 gratias
356 1908 452 1940 quam
474 1900 628 1930 maximas
652 1909 751 1941 agam.
