2308 2946
1125 140 1165 171 18

122 245 327 288 potissimum
349 245 457 287 generi
480 242 705 285 Oplophorus.
751 242 864 284 Neque
887 246 993 273 tamen
1015 247 1162 274 nostrum
1191 255 1265 275 cum
1288 244 1472 276 viventibus
1502 247 1581 276 satis
1610 256 1807 287 componere
1836 257 2027 287 possumus⁷
2059 246 2174 278 deletis

123 289 321 331 marginibus
334 289 491 318 anteriore
507 290 539 317 et
555 288 745 327 posteriore.
790 286 914 316 Pedum
937 286 1079 316 thoracis
1096 287 1247 318 nonnulli
1262 288 1490 328 impressiones
1513 289 1673 329 probant,
1697 299 1754 320 eos
1767 289 1902 331 graciles
1925 289 2027 320 fuisse
2051 290 2178 320 eadem-

125 343 186 374 que
209 332 274 362 fere
296 330 523 372 magnitudine.
568 329 742 370 Impressio
768 328 927 370 quaedam
956 329 1016 359 sub
1046 328 1184 371 flagello,
1208 331 1235 361 si
1264 330 1410 361 lamellae
1432 334 1645 362 antennarum
1674 336 1880 363 externarum
1904 337 1968 368 est,
1998 332 2031 363 in
2060 337 2176 364 nostro

124 379 291 406 crustaceo
313 373 438 404 lamella
460 372 515 403 illa
536 374 642 403 minus
665 372 760 413 longe
784 372 948 413 procedit,
979 382 1075 413 quam
1103 374 1137 403 in
1161 373 1355 415 Oplophoro
1386 377 1479 415 typo.
1524 374 1773 416 Segmentorum
1802 375 2055 417 penultimorum
2083 380 2176 418 tegu-

123 420 208 449 mina
230 420 263 448 in
285 417 388 448 media
411 420 503 457 parte
527 415 652 456 spinam
675 415 848 446 formantia
869 415 1031 445 desinunt.

165 504 187 534 ll
275 460 449 501 Exemplar
471 459 617 495 unicum,
643 458 803 489 detectum
827 469 846 489 a
869 458 924 489 Dr.
949 469 1014 489 von
1037 458 1094 489 der
1116 458 1211 490 Mark
1233 459 1323 501 apud
1345 459 1585 496 Sendenhorst,
1616 461 1822 492 reconditum
1851 465 1899 492 est
1928 461 1961 492 in
1992 464 2175 494 inventoris

124 515 161 535 co
189 506 321 535 ectione.

753 1070 842 1169 B.
923 1069 1541 1199 Brachyura.

274 1246 391 1278 Facere
414 1256 481 1276 non
503 1255 652 1286 possum,
677 1245 756 1286 quin
780 1245 844 1276 hoc
867 1245 942 1276 loeo
967 1256 1152 1284 memorem,
1175 1257 1223 1277 me
1246 1248 1409 1278 invenisse
1431 1247 1464 1277 in
1487 1247 1596 1289 glarea
1619 1247 1706 1279 fluvii
1731 1247 1841 1277 Almae
1865 1246 1954 1288 apud
1977 1245 2178 1284 Paderborn,

123 1292 215 1332 cujus
237 1291 339 1332 major
360 1299 437 1330 pars
460 1292 589 1320 constat
617 1299 633 1319 e
658 1288 946 1329 ‚‚Pl'32nerger6]1e“
978 1288 1207 1331 Brachyuron,
1241 1291 1339 1322 undis
1375 1290 1469 1321 valde
1504 1290 1664 1322 detritum.
1708 1290 1807 1331 Lapis
1837 1292 1979 1332 orginem
2009 1300 2025 1320 e
2060 1290 2171 1321 stratis

124 1335 238 1365 vicinis
261 1332 560 1375 ‚‚P15.nergebirge“
583 1332 675 1363 haud
696 1342 812 1374 negare
835 1331 972 1363 videtur.
1018 1332 1140 1364 Tamen
1163 1333 1331 1374 professor
1355 1334 1510 1376 Beyrich‚
1536 1345 1631 1376 quem
1655 1334 1694 1365 de
1716 1333 1777 1364 hac
1799 1344 1833 1364 re
1846 1333 2069 1370 consulebam,
2094 1344 2172 1364 con-

124 1378 267 1420 ficiebat,
289 1376 504 1418 Brachyuron
528 1378 684 1418 originem
707 1376 824 1407 ducere
847 1386 863 1406 e
887 1375 1054 1412 „London
1078 1377 1184 1418 clay“.

276 1420 496 1461 Quaecunque
523 1419 585 1451 fuit
610 1419 710 1461 hujus
739 1421 896 1450 crustacei
925 1419 1046 1460 patria,
1076 1420 1132 1450 illo
1163 1420 1237 1451 loco
1262 1421 1426 1452 inventum
1449 1432 1519 1452 esse
1544 1421 1621 1452 satis
1645 1421 1807 1452 curiosum
1830 1424 1888 1452 est.
1926 1419 2078 1451 Fortasse
2101 1419 2176 1450 aliis

123 1464 217 1495 etiam
239 1463 377 1495 inventis
399 1463 469 1500 fiet,
493 1467 529 1494 ut
552 1463 620 1504 ejus
645 1463 735 1505 origo
760 1463 846 1494 clara
869 1462 1031 1493 reddatur.
