2308 2946
1075 92 1135 140 „13
1147 136 1151 139 ,

86 195 213 226 dentem
236 198 267 224 et
291 204 324 223 se
347 192 593 233 conjungentem
617 202 688 221 cum
711 191 812 222 altero
837 192 962 223 sulculo
986 193 1102 234 plano,
1131 195 1165 224 in
1193 194 1321 226 dimidia
1350 196 1517 227 altitudine
1539 197 1663 228 laterali
1687 209 1706 228 a
1728 198 1859 228 nuchali
1882 198 2042 234 demisso,
2072 199 2126 229 de—

86 238 169 274 inde,
194 237 312 278 angulo
336 235 482 271 formato,
506 234 752 264 descendentem
775 236 808 277 in
831 235 955 265 sulcum
978 237 1191 278 marginalem.
1238 237 1311 276 Quo
1336 239 1498 270 sulcorum
1520 241 1656 271 reticulo
1680 243 1712 271 in
1737 246 1828 282 parte
1851 241 1999 272 inferiore
2022 243 2126 283 regio-

85 282 135 312 nis
159 279 326 311 anterioris
350 282 439 308 ortae
462 281 538 307 sunt
561 277 643 307 duae
667 277 864 309 elevationes
893 279 1025 319 planae,
1063 280 1182 321 quibus
1211 286 1297 311 caret
1321 282 1428 324 Clytia
1450 283 1583 320 Leachi,
1614 286 1698 314 inter
1727 284 1854 314 fossilia
1877 284 2127 326 Enoploclytiae

86 324 241 354 affinitate
263 321 417 363 proxima.

238 365 356 397 Sulcus
380 362 537 399 nuchalis,
562 362 617 403 qui
641 363 830 393 anteriorem
853 366 1016 405 regionem
1041 376 1060 394 a
1082 366 1187 396 media
1211 370 1348 407 separat,
1372 367 1475 405 sortis,
1498 368 1691 408 profundus,
1717 380 1872 410 praeceps
1892 370 1931 400 de
1948 374 2039 412 tergo
2052 370 2124 401 des-

85 410 240 447 cendens;
265 407 384 447 duplex
408 405 517 436 sulcus
540 405 745 441 branchialis‚
770 408 824 447 qui
847 409 1009 448 regionem
1034 411 1246 448 posteriorem
1270 414 1301 440 et
1322 410 1457 440 mediam
1483 413 1629 448 secernit,
1654 413 1770 442 sensim
1795 412 1984 445 diminuens.
2020 414 2126 454 Super

84 453 247 483 sulcorum
270 449 466 480 branchialis
490 453 521 478 et
543 449 691 479 nuchalis
716 450 992 489 conjunctionem,
1027 451 1059 481 in
1082 457 1196 482 nostro
1221 453 1402 493 exemplare
1426 453 1563 494 pedibus
1586 458 1717 491 tectam,
1752 456 1840 497 regio
1870 456 1974 486 media
2003 457 2036 487 in
2060 457 2125 487 duo

84 495 248 526 tubercula
271 492 449 523 concrescit
472 492 599 527 obtusa,
624 503 760 533 quorum
784 494 924 523 anterior
948 494 1064 524 clarius
1087 499 1144 524 est.
1180 495 1216 525 In
1235 495 1399 526 radicibus
1423 498 1645 537 superioribus
1669 499 1836 529 excavatio
1860 501 1966 530 tenuis
1990 504 2040 530 est
2063 501 2126 530 sita

83 541 165 571 inter
187 537 296 568 sulcos
320 535 498 576 primarios.
545 534 647 565 Simul
670 535 816 565 sulculus
839 546 855 565 e.
879 541 989 566 centro
1016 542 1107 567 ortus
1132 538 1173 568 ad
1196 538 1320 568 sulcum
1344 539 1563 570 branchialem
1587 541 1740 572 ascendit.
1775 539 1864 572 Inter
1880 543 1991 573 sulcos
2011 553 2124 573 secuu-

83 583 199 617 darios,
225 580 278 621 qui
302 579 504 619 conjungunt
528 578 707 618 primarios,
730 589 813 609 unus
838 578 860 609 S
883 579 1004 615 formis,
1028 581 1083 620 qui
1105 581 1273 611 tubercula
1295 581 1349 611 illa
1373 583 1498 623 trajicit,
1522 585 1658 614 maxime
1682 585 1787 615 clarus
1812 590 1870 616 est.

233 623 325 653 Pone
350 622 473 652 sulcum
497 621 650 661 majorem
674 624 887 661 posteriorem
911 622 991 652 alter
1014 625 1118 653 minor
1141 624 1303 660 subsidet,
1339 627 1403 665 qui,
1438 630 1611 667 postquam
1641 628 1773 668 majoris
1802 628 1968 659 dimidium
1993 639 2123 660 cursum

80 669 253 699 comitatus
277 670 335 701 est,
360 665 513 705 disparet.
557 664 695 694 Inclinat
717 668 823 694 autem
846 667 950 695 sinum
974 676 1096 701 versus,
1122 667 1164 696 ad
1187 667 1368 698 abdominis
1392 669 1599 699 insertionem
1628 672 1863 710 praestitutum.
1910 671 1983 710 Quo
2008 672 2052 708 fit,
2089 677 2126 702 ut

79 721 195 751 magna
222 709 309 750 regio
333 707 495 748 posterior
519 707 670 737 dilatetur
693 717 832 747 superne
856 707 1014 745 deorsum,
1039 709 1115 738 dum
1140 714 1263 740 ceterae
1286 711 1444 751 regiones,
1468 713 1499 741 in
1525 717 1648 752 partem
1672 715 1857 754 oppositam
1878 719 2068 752 crescentes,
2092 715 2125 745 in

78 759 169 795 tergo
199 754 369 783 maximum
395 752 535 791 spatium
559 754 762 791 assequutur.
809 751 886 781 Loci
909 751 1138 792 praecellentes
1163 753 1194 783 in
1217 753 1278 783 hac
1300 756 1429 794 regione
1453 756 1632 795 posteriore
1656 756 1735 786 nulli
1759 762 1926 798 apparent.

233 795 345 835 Margo
370 795 533 835 posterior
556 793 642 823 claro
666 793 764 823 limbo
789 793 942 824 distincta
965 800 1023 830 est,
1049 795 1176 825 sulculo
1199 796 1285 826 latus
1308 797 1467 827 internum
1492 800 1674 831 eomitante.

232 839 333 869 Testa
357 837 481 866 consita
504 840 552 866 est
576 836 694 866 crebris
719 837 906 873 tuberculis,
932 839 964 867 in
988 839 1119 879 regione
1142 839 1247 868 media
1270 842 1403 881 magnis,
1433 842 1465 870 in
1489 843 1647 872 anteriore
1675 843 1857 878 rarioribas,
1889 846 1921 874 in
1945 845 2126 885 posteriore

78 883 254 914 minoribus
280 880 415 922 quidem,
440 879 498 909 sed
522 879 736 914 densioribus,
761 881 843 910 inter
866 892 901 911 se
927 881 1110 921 conjunctis
1134 882 1175 911 ad
1199 884 1365 923 imaginem
1378 884 1547 921 turbatam,
1570 885 1769 922 undulatam,
1793 891 1950 927 rugatam.
1997 887 2069 925 Qua
2091 898 2125 918 re

79 924 308 967 distinguenda
332 927 379 953 est
402 933 421 952 a
444 922 551 963 Clytia
574 922 700 957 Leachi,
724 933 806 963 quae
828 924 908 954 raris
934 928 1058 954 tantum
1082 930 1113 954 et
1136 925 1285 955 rotundis
1309 926 1485 956 tuberculis
1509 928 1636 958 consita
1660 933 1718 960 est.

230 967 410 1001 Abdomen,
434 966 526 1007 cujus
551 970 748 1007 segmentum
773 967 908 1006 primum
932 967 1154 1007 praefractum,
1177 968 1288 1008 paullo
1314 970 1490 1010 angustior,
1515 981 1609 1011 quam
1633 971 1900 1012 cephalothorax.

232 1012 340 1045 Testa,
365 1014 434 1039 atro
459 1009 567 1039 colore
590 1010 706 1044 nitens,
731 1014 781 1044 0‚5
805 1020 844 1039 m.
867 1021 906 1040 m.
932 1021 1050 1041 crassa.

232 1053 366 1085 Pedum,
392 1054 446 1093 qui
462 1052 622 1082 rarissime
635 1051 826 1082 deletionem
839 1052 975 1094 fugiunt,
1000 1054 1265 1094 cephalothoraci
1289 1066 1403 1096 magna
1416 1057 1511 1085 etiam
1526 1067 1601 1096 pars
1619 1057 1780 1089 adhaeret.
1825 1059 1990 1089 Articulus
2011 1059 2126 1088 tertius

77 1097 292 1129 secundorum
316 1101 347 1126 et
370 1097 536 1125 tertiorum
561 1100 598 1125 42
624 1106 663 1126 m.
688 1106 726 1128 111,
750 1100 782 1125 et
806 1100 843 1126 33
868 1108 908 1127 m.
933 1107 972 1127 m.
997 1097 1125 1138 longus,
1151 1102 1177 1134 9,
1202 1102 1229 1130 5.
1254 1108 1293 1128 m.
1308 1109 1347 1128 m.
1371 1099 1472 1133 latus;
1497 1100 1651 1130 articulus
1676 1101 1838 1131 secundus
1868 1101 1933 1131 fere
1959 1106 1996 1132 10
2020 1112 2061 1132 m.
2084 1112 2125 1132 m.

76 1143 204 1183 longus,
229 1142 351 1181 primus
375 1138 485 1179 paullo
509 1140 620 1168 minor.
665 1138 703 1168 In
726 1138 845 1179 pedum
869 1140 1036 1180 superficie
1061 1140 1164 1181 polita
1186 1142 1361 1171 nonnullae
1384 1142 1528 1174 lacunae.
1552 1162 1592 1165 —
1629 1143 1665 1173 In
1689 1144 1820 1174 sinistro
1845 1144 2126 1185 cephalothoracis

76 1189 168 1226 parte
191 1187 351 1224 apparent
374 1182 497 1211 articuli
522 1182 688 1211 inferiores
711 1182 829 1222 pedum
853 1184 1029 1223 primorum
1052 1186 1136 1214 circa
1160 1189 1198 1214 22
1223 1195 1262 1213 m.
1287 1196 1327 1215 m.
1352 1185 1417 1220 lati,
1452 1196 1552 1215 coxae
1586 1186 1755 1217 latitudine
1792 1187 2026 1229 longitudinem
2063 1187 2124 1218 du-

76 1228 226 1269 plicante,
250 1226 379 1256 femuris
403 1225 604 1266 longitudine
627 1225 807 1255 latitudinis
832 1225 966 1266 duplum
990 1228 1084 1256 etiam
1108 1231 1297 1268 superante,
1322 1232 1458 1269 utraque
1487 1229 1705 1261 subconvexa.
1750 1230 1788 1260 In
1811 1241 1919 1261 eorum
1953 1230 2115 1272 fragmen-

77 1276 184 1301 torum
207 1274 292 1300 testa
314 1269 447 1298 lacunae
470 1279 588 1308 parvae
612 1267 848 1300 disseminatae.
896 1269 975 1299 Sola
998 1280 1080 1300 coxa
1103 1272 1206 1311 spinis
1230 1275 1343 1301 ornata
1367 1282 1437 1301 esse
1461 1272 1597 1303 videtur.

229 1311 479 1353 Enoploclytiae
513 1310 736 1341 heterodontis
771 1312 879 1342 chelae
903 1315 1059 1343 maximae
1079 1319 1165 1344 sunt.
1212 1313 1337 1355 Carpus
1363 1319 1400 1345 37
1427 1325 1467 1345 m.
1492 1326 1532 1346 m.
1557 1315 1651 1352 altus,
1677 1320 1716 1346 64
1740 1326 1780 1346 m.
1805 1327 1845 1345 m.
1870 1316 1997 1357 longus,
2021 1321 2059 1348 26
2083 1328 2123 1348 111.

78 1368 117 1388 m.
142 1366 288 1393 crassus,
313 1356 517 1385 convexitate
541 1354 654 1384 crescit
677 1365 789 1385 versus
812 1359 947 1396 tergum,
973 1356 1130 1387 decrescit
1160 1368 1273 1387 versus
1306 1358 1392 1388 latus
1416 1358 1584 1394 internum,
1611 1358 1700 1399 quod
1733 1358 2012 1400 longitudinaliter
2046 1371 2124 1390 con-

77 1400 223 1430 strictum
247 1409 317 1428 esse
340 1397 476 1428 videtur.
522 1397 638 1427 Manus
663 1402 693 1427 et
716 1398 840 1428 lacunis
865 1399 990 1429 consita
1013 1404 1062 1430 est
1085 1404 1116 1430 et
1141 1401 1327 1436 tuberculis,
1357 1402 1390 1431 in
1423 1403 1628 1431 convexitate
1665 1402 1800 1432 maxime
1835 1402 2003 1439 confertis3
2040 1414 2122 1433 non—

77 1443 175 1474 nullis
208 1442 302 1472 etiam
334 1441 437 1481 spinis
472 1441 743 1481 praeminentibus
776 1442 892 1483 rigida,
926 1442 1004 1472 fines
1040 1454 1152 1473 versus
1187 1449 1410 1485 coangustata,
1444 1445 1476 1474 in
1510 1445 1636 1475 brevem
1671 1445 1768 1475 tibiae
1803 1445 1972 1476 articulum
1994 1446 2122 1477 fortiter

78 1486 256 1517 constricta
278 1485 437 1514 inseritur.

230 1528 328 1568 Digiti
351 1527 629 1568 longitudinaliter
648 1529 798 1569 porrecti,
823 1528 964 1569 paullum
990 1532 1123 1566 curvati,
1146 1532 1178 1560 in
1202 1531 1344 1561 sectione
1369 1535 1554 1560 transversa
1579 1529 1718 1570 elliptici,
1742 1530 1773 1560 in
1793 1531 2001 1572 marginibuis
2025 1532 2123 1563 inter-

78 1572 137 1607 nis,
162 1572 335 1612 oppositiS,
359 1571 471 1600 armati
494 1570 644 1600 dentibus
673 1571 809 1607 obtusis,
833 1573 964 1609 conicis,
989 1572 1123 1613 duplum
1148 1573 1337 1604 diametrum
1362 1574 1568 1604 distantibus.
1614 1573 1797 1615 Digitorum
1832 1578 1916 1604 testa
1950 1579 1962 1605 1
1999 1586 2040 1606 m.
2081 1586 2119 1605 m.

78 1625 203 1649 crassa;
232 1615 264 1644 in
287 1613 391 1643 indice
414 1615 508 1643 nimis
532 1614 644 1651 deleta,
669 1625 763 1655 quam
788 1619 823 1644 ut
847 1615 1041 1655 scalpturam
1066 1619 1255 1657 conspicere
1280 1628 1405 1658 posses,
1429 1618 1461 1646 in
1486 1616 1613 1657 pollicis
1638 1616 1823 1658 fragmentis
1854 1628 1919 1647 non
1943 1618 2121 1659 granulata,

79 1658 137 1688 sed
166 1658 288 1687 lacunis
312 1656 602 1697 longitudinalibus
638 1657 797 1687 distincta.
822 1676 862 1680 —
895 1658 929 1688 Si
952 1659 1068 1689 Reussi
1105 1662 1310 1690 autoritatem
1346 1661 1439 1700 sequi
1475 1660 1639 1693 debemus,
1675 1662 1728 1701 qui
1766 1659 2000 1701 longitudinem
2036 1663 2125 1702 carpi

79 1703 203 1731 tertiam
229 1700 391 1730 chelarum
413 1702 543 1740 assequi
567 1700 743 1736 contendit,
767 1700 940 1742 digitorum
964 1702 1134 1744 longitudo
1162 1708 1220 1733 128
1245 1715 1285 1734 m.
1310 1714 1349 1734 m.
1373 1703 1601 1733 constituenda
1623 1706 1681 1733 est.

230 1743 318 1773 Inter
341 1748 506 1773 crustacea
529 1744 670 1773 viventia
694 1744 797 1773 affinis
822 1745 988 1784 proximus
1011 1748 1115 1776 nostri
1139 1746 1261 1776 fossilis
1282 1746 1499 1776 nominandus
1524 1750 1573 1775 est
1596 1746 1771 1786 Nephrops
1785 1746 1995 1787 Norwegicus
2018 1747 2061 1778 M.
2084 1746 2123 1778 E.

78 1788 194 1822 Miror,
226 1788 328 1817 virum
359 1786 580 1816 doctissimum
604 1787 719 1828 M'Coy
744 1787 948 1822 contendere,
973 1794 1119 1820 nostrum
1143 1789 1393 1831 Enoploclytiae
1418 1794 1449 1820 et
1473 1789 1647 1820 Galatheae
1671 1789 1891 1830 propinquum
1915 1800 1995 1820 esse.
2042 1789 2122 1820 Cen-

78 1831 171 1861 sebat
194 1834 307 1866 autem,
331 1833 477 1859 nostrum
501 1840 519 1859 a
544 1830 650 1871 Clytia
672 1830 836 1860 Jurassica
861 1831 980 1862 distare
1004 1833 1276 1873 cephalothorace
1299 1844 1339 1863 ex
1363 1832 1462 1863 chelis
1485 1832 1694 1862 tuberculatis
1719 1837 1749 1861 et
1771 1836 1879 1862 rostro
1908 1833 2028 1872 majore
2058 1833 2123 1873 spi-

78 1874 192 1915 nisque
214 1873 445 1913 marginalibus
469 1877 607 1909 armat03
632 1884 695 1914 qua
719 1873 758 1903 de
782 1875 906 1904 ratione
929 1875 1181 1917 Enoploclytiae
1205 1887 1324 1906 novum
1348 1887 1449 1915 genus
1473 1875 1664 1906 introduxit.
1708 1874 1840 1905 Etallon
1871 1880 1977 1905 autem
2001 1876 2121 1912 docuit,

79 1917 173 1947 etiam
195 1917 227 1946 in
251 1918 360 1946 stratis
385 1915 557 1946 Jurassicis
582 1917 704 1957 species
730 1928 896 1947 occurrere
920 1918 1031 1949 eadem
1054 1920 1177 1949 ratione
1201 1916 1432 1950 tuberculatas.

232 1959 407 1999 Exemplar
431 1959 630 2000 descriptum
654 1962 793 1990 occurrit
816 1962 848 1990 in
873 1962 982 1992 stratis
1007 1962 1240 1993 Subsenonicis
1265 1973 1369 2003 prope
1392 1962 1539 1993 Diilmen.

835 2076 861 2103 3.
908 2076 999 2103 Genus
1021 2074 1263 2116 Nymphaeops
1286 2085 1312 2104 n.
1337 2085 1362 2111 1-5

933 2133 1040 2175 Etym.
1064 2130 1191 2175 νύμφη,
1216 2132 1277 2175 dius.

234 2198 327 2229 Char.
352 2209 422 2240 gen.
448 2199 781 2240 Cephalothorax
803 2201 992 2243 sublongus‚
1017 2213 1118 2243 aeque
1141 2203 1205 2233 fere
1229 2204 1345 2244 longus
1370 2213 1407 2233 ac
1430 2203 1524 2238 latus,
1549 2202 1648 2232 multo
1679 2201 1807 2232 brevior
1832 2212 1928 2242 quam
1952 2201 2121 2240 abdomen,

79 2242 252 2282 bipartitus
278 2242 368 2271 sulco
393 2243 539 2273 cervicali
563 2254 666 2285 usque
690 2245 731 2275 ad
755 2245 917 2275 dimidiam
940 2245 1143 2276 latitudinem
1168 2246 1400 2279 descendente:
1432 2248 1522 2287 genis
1556 2246 1798 2279 adsedentibus‚
1834 2245 1995 2275 distinctis
2027 2245 2118 2277 sulco

81 2285 308 2315 semicirculari
332 2290 362 2314 et
386 2285 510 2315 sulculo
536 2287 727 2318 secundario
752 2294 897 2325 curvato,
920 2289 1121 2318 tuberculum
1146 2289 1333 2326 formante.⁴
1361 2289 1447 2319 Sulci
1471 2289 1647 2330 imparibus
1671 2289 1783 2329 spatiis
1813 2288 1895 2318 inter
1923 2299 1957 2318 se
1987 2288 2118 2320 distant.

80 2328 231 2359 Abilam
242 2338 286 2357 en
309 2327 542 2369 longissimum,
566 2330 670 2361 minus
695 2342 884 2366 convexum,
909 2331 974 2361 fere
998 2332 1160 2373 glabrum,
1196 2333 1371 2371 segmentis
1405 2332 1706 2373 trapezoformibuS.
1743 2333 1846 2372 primo
1882 2331 2012 2362 dimidia
2036 2339 2120 2363 cete-

79 2382 187 2401 rorum
209 2371 428 2411 longitudinm
453 2374 640 2412 epimeris
665 2375 836 2415 angulatis,
860 2375 1022 2411 brevibus,
1048 2371 1261 2415 epimerorum
1284 2376 1402 2405 finibus
1427 2386 1498 2406 cum
1529 2376 1644 2405 carinis
1679 2374 1908 2416 marginalibus
1943 2375 2120 2415 parallelis3

80 2413 376 2455 appendicibus
400 2418 619 2447 natatoriis
644 2417 760 2458 longis.
783 2417 975 2453 rotundatis,
1000 2418 1134 2459 glabris:
1161 2419 1335 2459 pedibus
1361 2419 1574 2448 anterioribus
1604 2418 1681 2448 forti
1716 2418 1808 2448 chela
1831 2418 1970 2453 armatis,
2006 2420 2119 2450 ceteris

77 2457 195 2498 planis,
221 2457 369 2487 omnibus
395 2457 516 2498 politis,
541 2471 604 2490 non
630 2461 820 2501 spinulosis.

709 2546 998 2588 Nymphaeops
1024 2546 1358 2576 Coesl'eldiensis
1383 2558 1403 2576 n
1438 2557 1485 2586 sp.

230 2602 333 2643 Cujus
358 2605 476 2644 speciei
499 2605 593 2645 plura
616 2610 781 2637 crustacea
805 2607 865 2636 sub
891 2606 993 2636 oculis
1018 2606 1138 2643 habeo3
1164 2608 1309 2648 sequitur
1332 2607 1506 2648 descriptio
1529 2607 1635 2648 primi:

228 2645 350 2676 Totum
375 2657 494 2687 corpus
517 2648 663 2689 glabrum
692 2649 734 2680 ad
763 2650 865 2680 instar
892 2649 1014 2687 larvae3
1039 2649 1199 2680 abdomen
1229 2661 1461 2691 compressum,
1491 2661 1604 2680 versus
1634 2654 1757 2691 partem
1788 2651 2002 2690 posteriorem
2032 2651 2123 2682 dimi-

75 2699 189 2726 nuens,
220 2688 324 2729 duplo
358 2689 423 2720 fere
446 2690 575 2732 longior
604 2702 699 2733 quam
727 2692 994 2733 cephalothorax.
1068 2692 1356 2733 Ceplialothoracis
1386 2703 1496 2734 margo
1520 2695 1662 2724 anterior
1689 2693 1764 2728 lata,
1798 2693 1911 2724 leviter
1939 2694 2124 2734 rotundata,

82 2742 179 2773 quam
208 2732 390 2773 praeminet
411 2737 552 2765 rostrum
575 2735 680 2771 breve,
710 2736 872 2771 obtusum,
896 2735 1161 2776 (praefractum?)
1188 2737 1313 2777 postice
1337 2737 1475 2767 carinam
1504 2737 1648 2778 gignens.
1693 2735 1960 2777 Cephalothorax
1982 2738 2015 2769 in
2043 2738 2124 2770 duas
