2308 2946
1130 117 1250 164 1V4WWN

126 223 235 261 partes
262 219 327 249 fere
356 219 507 259 aequales
532 218 686 248 dividitur
716 218 807 248 sulco
838 217 995 252 cervicali,
1028 218 1137 258 quiin
1171 218 1286 248 dextra
1315 223 1347 248 et
1376 219 1507 249 sinistra
1536 223 1627 260 parte
1657 219 1829 261 conjungit
1860 220 2043 263 profundos
2074 220 2185 251 sulcos

126 262 340 299 branchiales,
364 262 552 292 definientes
577 260 617 290 ad
640 261 777 291 frontem
809 271 924 290 versus
954 261 1115 301 regionem
1145 261 1373 298 branchialem,
1405 262 1584 293 dilabentes
1614 263 1646 292 in
1675 267 1766 304 tergo
1797 263 1839 293 ad
1867 263 2027 293 abdomen
2054 274 2177 294 versus.

126 306 237 337 Partis
262 306 386 335 anticae
409 305 509 334 latera
532 304 664 345 paribus
688 303 755 333 fere
780 305 895 344 spatiis
920 303 1060 337 distant:
1091 315 1177 344 pone
1201 315 1302 345 genas
1333 307 1543 335 excavatione
1568 305 1707 346 quadam
1731 306 1842 337 sulcos
1872 306 2006 336 indicari
2029 307 2184 347 conjicio,

127 351 160 379 in
183 349 268 379 linea
290 348 395 378 media
418 348 595 388 praeminet
618 347 706 388 regio
731 346 943 376 stomachalis
973 346 1005 376 in
1031 347 1140 377 orbem
1166 349 1392 378 circumactus.
1439 348 1731 388 Cephalothoracis
1755 360 1831 390 pars
1843 352 1981 390 postica,
2005 349 2184 390 paullulum

130 392 275 427 dilatata,
300 392 331 421 in
355 391 541 432 regionibus
565 389 809 420 branchialibus
832 389 1014 425 latioribus,
1039 389 1265 420 decidentibus
1293 391 1412 431 angulo
1443 391 1562 421 obtuso
1593 391 1633 421 ad
1657 392 1767 428 latera,
1798 393 1915 422 sensim
1944 392 2092 422 diminuit
2113 402 2184 422 ver-

129 446 184 466 sus
208 436 380 476 marginem
405 435 628 475 posteriorem,
651 433 708 462 ubi
730 433 882 463 inseritur
906 432 1076 464 abdomen.
1135 433 1238 471 Quam
1262 433 1361 464 limbo
1386 434 1579 464 excelluisse
1594 435 1768 475 conjiciens
1792 447 1857 465 uno
1880 436 2060 477 fragmento
2084 445 2188 476 parvo

128 478 275 519 adjuvor.
320 477 489 518 Abdomen
512 475 717 517 longitudine
741 477 914 511 curiosum,
940 475 1116 506 admodum
1141 487 1372 517 compressum,
1408 477 1543 518 singulis
1575 479 1748 518 segmentis
1776 479 1808 508 in
1832 481 2017 509 universum
2039 483 2188 520 trapezo-

127 521 285 552 formibus
310 531 346 550 ea
368 522 502 555 ratione,
528 526 564 549 ut
587 518 892 559 cephalothoracem
917 529 1032 549 versus
1057 521 1291 560 angustissima
1315 520 1389 555 sint,
1413 520 1455 549 ad
1468 525 1667 561 segmentum
1679 531 1817 561 sequens
1840 522 2012 558 latissima,
2037 521 2188 552 omnibus

127 566 161 595 in
185 566 351 604 superiore
377 566 466 603 parte
488 562 572 594 linea
595 562 717 592 directa
741 562 853 598 finitis,
884 566 1025 603 quatuor
1056 563 1168 603 primis
1193 565 1225 592 in
1249 568 1339 603 parte
1363 562 1513 593 inferiore
1537 563 1690 600 sinuatis,
1713 564 1806 604 primi
1830 575 1866 595 ac
1879 565 2012 595 secundi
2034 565 2189 595 lateribus

128 607 245 638 lineam
269 607 422 636 directam
445 606 672 641 formantibus,
697 605 811 635 ceteris
837 607 978 635 arcuatis
1003 607 1105 646 magis
1130 607 1299 647 magisque
1329 617 1441 637 versus
1472 606 1566 636 finem
1590 606 1781 638 abdominis,
1831 608 1868 637 In
1891 609 2065 649 primorum
2096 608 2189 648 quin—

130 662 193 692 que
218 654 456 691 segmentorum
480 648 606 690 angulis
630 648 873 689 posterioribus
896 648 1115 684 tuberculum
1145 651 1177 679 in
1202 649 1313 679 iisdem
1347 650 1519 690 segmentis
1544 654 1671 690 praeter
1694 652 1830 690 primum
1862 651 1968 681 media
1990 651 2191 681 animadver-

129 695 207 724 titur
231 693 367 723 elevatio
391 692 555 722 dimidiam
578 696 705 732 partein
729 692 831 721 totius
856 691 1036 722 latitudinis
1070 703 1245 733 occupans,
1269 693 1301 722 in
1333 694 1490 722 anteriore
1520 697 1613 733 parte
1645 695 1809 734 utrimque
1833 695 2045 734 impressione
2071 695 2192 736 irregu-

128 737 186 767 lari
211 736 346 777 insignis
376 737 420 775 (in
442 737 599 776 segmenti
624 734 769 770 secundi,
795 736 889 771 tertii,
916 737 1022 776 quarti
1052 736 1146 765 etiam
1181 737 1363 776 posteriore
1408 739 1522 776 parte).
1590 736 1796 777 Segmentum
1819 737 1955 777 primum
1978 739 2068 767 varia
2089 737 2192 779 figura

131 791 150 810 a
173 781 286 810 ceteris
312 779 448 808 alienum
473 782 535 815 est3
559 789 633 808 nam
657 783 689 808 et
712 778 874 808 dimidiam
899 782 1024 808 tantum
1049 783 1228 809 ceterorum
1254 778 1488 820 longitudinem
1502 784 1685 809 assecutum
1709 784 1759 810 est
1783 784 1813 809 et
1831 781 1992 821 utrimque
2014 780 2193 812 limbatum.

132 824 377 864 Segmeutorum
400 823 560 863 margines
582 821 732 851 laterales
758 821 912 862 angulum
935 826 1057 851 rectum
1080 822 1260 852 formantes
1284 827 1453 852 transeunt
1476 823 1508 852 in
1533 824 1672 862 epimera
1701 834 1811 864 parva,
1842 824 2033 861 rotundata3
2062 824 2095 854 in
2119 834 2189 865 seg-

129 868 226 897 menti
250 866 333 896 sexti
357 867 431 895 sinu
453 865 603 895 inferiore
634 866 829 895 insertiones
854 869 1013 905 apparent
1037 865 1254 906 appendicum
1277 867 1509 895 natatoriarum
1532 866 1719 897 lateralium.

285 908 489 949 Scalpturam
512 912 614 938 testae
638 908 728 938 albae
752 913 878 948 praeter
901 918 997 949 rugas
1021 912 1133 938 tenues
1158 919 1243 949 pone
1263 913 1404 939 rostrum
1434 920 1500 938 non
1524 914 1690 949 apparent,
1732 910 1794 940 nisi
1826 912 1858 939 in
1890 910 2069 947 abdomine,
2098 911 2190 951 cujus

132 956 293 990 segmenta
317 953 347 981 in
371 952 519 992 partibus
543 951 656 981 mediis
683 956 714 981 et
736 951 922 981 lateralibus
946 956 1062 991 rugata
1093 958 1169 981 sunt
1194 952 1306 981 ordine
1337 953 1519 982 excentrieo
1544 963 1616 982 cum
1646 953 1707 983 hac
1740 954 1940 993 exceptione,
1972 957 2008 983 ut
2037 954 2192 983 articulus

133 998 258 1038 primus
282 995 401 1036 glaber,
426 999 537 1025 sextus
563 999 594 1024 et
617 995 776 1035 septimus
801 1005 859 1035 per
882 998 981 1024 totam
1007 995 1206 1035 superficiem
1231 995 1396 1036 irregulari
1420 995 1518 1025 modo
1543 998 1648 1036 rugati
1674 998 1747 1027 sint.
1799 996 1949 1037 Epimera
1971 1002 2047 1026 sunt
2070 996 2189 1037 glabra.

286 1038 402 1075 Locus,
427 1048 492 1078 quo
517 1041 720 1068 crustaceum
745 1037 945 1078 descriptum
968 1039 1135 1068 inventum
1160 1043 1219 1073 est,
1246 1038 1379 1068 iudicari
1404 1049 1469 1068 11011
1494 1042 1614 1078 potest.
1667 1039 1775 1080 Lapis,
1807 1050 1870 1080 qua
1897 1040 2113 1076 concluditur,
2143 1044 2193 1070 est

133 1092 244 1123 marga
267 1081 380 1117 facilis,
404 1081 519 1118 mollis,
543 1081 642 1111 mixta
665 1081 773 1122 granis
797 1081 1000 1122 glauconitis⁷
1045 1082 1235 1111 creberrima
1259 1084 1291 1111 111
1315 1082 1567 1122 septemtrionali
1592 1081 1781 1112 Guestfalia.
1830 1082 2048 1113 Conservatur
2070 1085 2103 1113 in
2127 1083 2193 1114 col-

131 1126 270 1156 lectione
293 1125 550 1155 Monasteriensi.
574 1143 614 1147 —

285 1168 418 1198 Praeter
440 1167 503 1198 hoc
527 1167 693 1208 exemplar
716 1167 964 1209 Nymphaeopis
989 1167 1242 1198 Coesfeldicnsis
1266 1167 1331 1197 dua
1355 1168 1417 1197 alia
1441 1170 1533 1198 etiam
1557 1168 1617 1198 sub
1644 1168 1747 1198 oculis
1771 1168 1886 1205 habeo,
1910 1169 2094 1210 quaeinitio
2120 1164 2192 1210 qui-

134 1212 205 1243 dem
231 1212 269 1241 ab
296 1211 351 1241 illo
376 1211 481 1241 aliena
503 1211 666 1252 putabam,
692 1211 818 1246 deinde,
843 1216 1017 1251 postquam
1050 1211 1191 1251 lapidem
1215 1211 1443 1241 adhaerentem
1474 1222 1638 1242 removere
1663 1214 1765 1252 coepi,
1796 1212 1938 1253 ejusdem
1967 1215 2092 1253 generis
2121 1223 2193 1243 esse

134 1257 281 1297 cognovi.
329 1254 474 1295 Utraque
497 1258 584 1284 tecta
608 1258 684 1284 sunt
707 1265 824 1295 marga,
849 1254 996 1295 adeoque
1021 1260 1153 1284 curvata
1178 1259 1263 1289 sunt,
1287 1259 1324 1284 ut
1348 1255 1544 1295 appendices
1570 1254 1722 1285 candales
1734 1256 1907 1296 marginem
1919 1256 2108 1285 anteriorem
2126 1256 2192 1286 fere

133 1303 285 1340 tangant;
311 1298 393 1328 male
417 1302 610 1328 conservata
633 1308 703 1328 esse
727 1297 820 1328 valde
850 1297 979 1338 quidem
1010 1297 1117 1332 doleo,
1148 1303 1289 1328 attamen
1318 1298 1438 1338 gaudio
1462 1298 1551 1328 haud
1582 1308 1682 1339 parvo
1713 1298 1843 1331 afficior,
1877 1300 1903 1329 si
1932 1301 2080 1339 respicio,
2110 1310 2191 1330 non-

134 1343 241 1373 nullas
264 1346 384 1382 partes,
407 1343 440 1371 in
463 1341 520 1371 illo
544 1342 648 1371 minus
673 1341 784 1377 claras,
810 1343 842 1371 in
864 1341 914 1371 his
938 1341 1016 1370 satis
1040 1341 1205 1373 illustrari.

288 1384 458 1415 Abdomen
483 1387 604 1425 optime
628 1389 872 1415 conservatum:
897 1389 1133 1424 segmentorum
1159 1390 1190 1414 et
1212 1384 1314 1425 figura
1338 1389 1370 1413 et
1389 1384 1553 1425 scalptura
1578 1385 1617 1414 ab
1640 1384 1726 1414 illius
1743 1384 1832 1415 haud
1856 1385 1958 1415 aliena
1975 1393 2101 1425 praeter
2123 1386 2189 1426 epi-

134 1439 220 1458 mera
242 1429 274 1458 in
298 1428 463 1458 nonnullis
489 1430 661 1469 segmentis
686 1438 882 1468 compressa.
929 1429 1101 1469 Segmento
1127 1432 1220 1458 sexto
1246 1427 1400 1457 adhaeret
1413 1428 1579 1468 appendix
1603 1428 1748 1458 caudalis
1761 1428 1906 1469 simplex,
1932 1439 2055 1469 magna,
2079 1433 2190 1459 rotun-

137 1472 222 1509 data,
248 1471 427 1505 foliformis,
452 1471 573 1513 glabra.

292 1514 582 1555 Cephalothoracis
611 1514 705 1545 valde
730 1514 809 1544 laesi
832 1514 987 1555 reliquiae
1018 1513 1182 1543 lateralem
1208 1519 1331 1544 tantum
1356 1516 1525 1555 imaginem
1554 1514 1702 1545 reddunt.
1753 1515 1801 1545 De
1826 1515 1990 1545 sulcorum
2013 1514 2190 1545 directione

136 1559 216 1589 haec
240 1558 397 1599 conjicere
422 1569 522 1588 ausus
547 1569 632 1589 sum:
658 1558 771 1588 sulcus
796 1557 959 1587 cervicalis
975 1557 1192 1590 dichotomus,
1217 1557 1418 1587 descendens
1432 1568 1536 1598 usque
1550 1558 1592 1587 ad
1615 1557 1817 1588 altitudinem
1831 1558 2008 1595 dimidiam3
2033 1562 2107 1588 ante
2123 1558 2189 1588 sul-

139 1612 211 1632 cum
236 1601 423 1632 cervicalem
447 1602 571 1643 genalis
596 1602 678 1631 situs
702 1606 760 1636 est,
785 1606 946 1638 curvatus,
969 1601 1149 1641 propagine
1174 1601 1322 1631 deorsum
1349 1601 1487 1630 demisso
1512 1601 1713 1631 tuberculum
1727 1601 1878 1637 formans,
1902 1604 1986 1631 sicut
2008 1603 2041 1631 in
2064 1601 2190 1641 Hoplo-

137 1647 229 1687 paria
252 1645 412 1686 Beyrichi,
437 1644 478 1675 ad
502 1645 627 1675 sulcum
652 1644 839 1675 cervicalem
864 1655 1070 1681 convergens,
1099 1644 1195 1674 altius
1226 1644 1414 1681 ascendens⁷
1446 1655 1540 1685 quam
1573 1645 1603 1675 iu
1628 1644 1833 1685 Hoploparia
1863 1645 2020 1686 Beyrichi.
2070 1644 2190 1674 Testae

138 1700 214 1730 pars
238 1689 344 1718 antica
366 1688 527 1729 graciliter
550 1692 673 1730 rugata⁷
696 1689 744 1717 uti
767 1688 798 1717 in
823 1688 934 1718 altero.

292 1731 398 1761 Pedes
422 1732 516 1772 primi
540 1731 641 1761 chelis
665 1731 805 1761 fortibus
830 1731 952 1766 armati,
978 1741 1112 1771 quarum
1137 1741 1265 1760 manum
1288 1740 1445 1771 magnam,
1470 1730 1571 1771 duplo
1597 1730 1776 1772 longiorem
1793 1742 1867 1771 qum
1892 1731 2003 1766 latam,
2034 1729 2189 1760 rotunda-

139 1780 214 1813 tam,
238 1775 405 1806 nonnullis
429 1775 554 1805 lacunis
578 1776 689 1815 parvis
712 1775 878 1816 insignem,
902 1778 1039 1815 utraque
1063 1773 1257 1814 exemplaria
1286 1779 1529 1805 conservarunt.
1576 1774 1720 1804 Ceterum
1747 1776 1840 1804 etiam
1868 1774 1987 1815 pedum
2014 1773 2192 1815 fragmenta

140 1819 263 1860 reliqus
287 1818 421 1859 figuram
444 1818 588 1859 planam,
612 1818 757 1848 latiorem
783 1818 973 1855 ostendunt,
998 1817 1133 1847 articulo
1157 1822 1300 1847 extremo
1325 1821 1443 1847 carent.

296 1861 437 1891 Alterius
461 1863 494 1891 in
519 1861 711 1892 collectione
734 1861 982 1891 Monasteriensi
1013 1862 1195 1891 conservati
1218 1862 1354 1901 patriam
1373 1864 1498 1890 montes
1528 1862 1711 1890 nominatos
1734 1860 1934 1901 Baumberge
1962 1860 2075 1896 fuisse,
2108 1859 2191 1900 lapis

141 1905 358 1941 demonstrat,
382 1905 515 1935 alterum
540 1915 599 1943 ego
624 1905 730 1935 inveni
754 1905 785 1934 111
810 1909 942 1941 „monte
966 1903 1219 1934 Coesfeldiensi“
1243 1914 1376 1944 meaque
1400 1904 1566 1934 recondidi
1591 1903 1790 1934 collectione.

293 1948 529 1989 Nymphaeoqs
553 1944 802 1978 Coesfeldiensis
825 1952 998 1978 stratorum
1016 1947 1182 1988 juniorum
1208 1946 1441 1977 Senonicorum
1464 1947 1579 1977 faunae
1601 1947 1846 1977 adscribendus.

294 1992 403 2021 Distat
427 1996 531 2021 autem
555 1991 595 2021 ab
619 1991 827 2032 Hoploparia
850 1991 967 2032 M'Coy
992 1996 1022 2020 et
1047 1990 1254 2031 Oncopareia
1284 1990 1433 2031 Bosquet
1466 1991 1655 2031 praesertim
1685 1990 1860 2020 directione
1891 1988 2055 2019 sulcorum
2082 1989 2113 2018 in
2142 1999 2192 2018 ee-

141 2033 380 2075 phalothorace
403 2039 434 2065 et
455 2035 558 2076 figura
582 2037 798 2075 epimerorum
822 2039 853 2064 et
876 2034 1092 2075 appendicum
1115 2033 1313 2069 caudalium·7
1337 2034 1478 2064 fortasse
1501 2036 1595 2064 etiam
1619 2034 1781 2074 positione
1810 2032 2050 2063 tuberculorum
2082 2034 2114 2061 in
2142 2042 2192 2061 ce-

142 2077 388 2118 phalothoracis
412 2082 503 2119 parte
527 2079 647 2113 antica,
672 2078 737 2108 1100
762 2082 867 2108 tamen
892 2080 924 2107 111
948 2077 1054 2107 medio
1078 2077 1236 2118 relinquO.
1259 2095 1300 2099 —-

746 2171 1032 2213 Nymphaeops
1058 2171 1458 2201 Sendenhorstensis
1482 2182 1512 2202 n.
1537 2182 1585 2211 sp.

296 2248 563 2289 Cephalothorax
586 2248 732 2278 consitus
763 2249 940 2279 tuberculis
971 2248 1158 2289 gracilibus
1184 2248 1342 2285 rotundis,
1366 2249 1398 2277 111
1422 2251 1512 2288 tergo
1536 2247 1664 2288 postico
1690 2247 1817 2277 fortiter
1839 2247 1959 2277 incisus
1983 2245 2073 2275 sulco
2088 2249 2192 2275 trans-

142 2301 247 2326 verso,
273 2295 308 2321 ut
331 2292 483 2333 conjici03
507 2302 611 2332 neque
634 2293 716 2322 enim
739 2292 826 2322 hunc
851 2292 984 2329 sulcum,
1008 2302 1112 2332 neque
1136 2291 1226 2325 alios,
1251 2292 1277 2321 si
1302 2293 1355 2332 qui
1380 2290 1463 2320 forte
1475 2290 1571 2327 fuere,
1596 2292 1783 2331 conspicere
1796 2294 1899 2331 potes,
1923 2299 2020 2330 quum
2035 2299 2088 2318 eac
2103 2289 2193 2329 ipsae

142 2338 261 2375 partes,
284 2345 366 2375 quae
390 2335 533 2365 sulcatae
563 2346 634 2365 esse
668 2335 782 2373 solent,
811 2335 986 2365 admodum
1010 2335 1164 2365 infractae
1188 2336 1252 2365 sint
1276 2339 1306 2365 et
1330 2337 1512 2374 corruptae,
1557 2335 1665 2367 Testa,
1690 2337 1860 2374 antequam
1873 2334 1989 2362 transit
2002 2332 2033 2362 in
2043 2336 2194 2368 rostrum,

144 2377 274 2408 alteram
303 2378 475 2408 incisuram
499 2378 643 2409 ostendit
666 2379 715 2409 vel
739 2381 854 2410 sinum.
899 2378 1052 2408 Rostrum
1077 2378 1182 2414 breve,
1208 2380 1381 2419 integrum,
1405 2382 1442 2406 ut
1469 2377 1604 2407 videtur.
1657 2378 1740 2406 Ante
1767 2380 1906 2406 rostrum
1936 2375 2020 2415 lapis
2051 2373 2194 2405 ostendit

145 2421 386 2461 impressionem
410 2421 526 2463 flagelli
551 2421 657 2458 validi,
683 2422 819 2452 articulo
844 2422 947 2452 basali
971 2421 1078 2451 adhuc
1102 2421 1311 2452 inhaerentis.
1358 2421 1426 2450 Sub
1450 2425 1566 2457 rostro,
1589 2421 1760 2461 ipsumque
1773 2424 1912 2449 rostrum
1926 2418 2084 2448 excedens
2102 2427 2192 2458 prae-

144 2466 242 2494 minet
265 2466 298 2494 in
321 2466 464 2505 margine
487 2467 645 2495 anteriore
669 2465 796 2495 lamella
820 2470 1031 2495 antennarum
1057 2475 1179 2505 magua,
1214 2464 1332 2501 ovalis,
1363 2464 1582 2499 subconvexa‚
1612 2465 1643 2493 in
1668 2465 1809 2504 margine
1839 2462 2003 2503 superiore
2032 2460 2195 2502 graciliter

146 2507 317 2545 ercnulata,
342 2508 539 2548 procedente
562 2512 662 2538 costa.
711 2508 812 2549 Cujus
837 2509 1101 2549 perspicuitatem
1126 2513 1267 2549 aequant
1290 2507 1390 2548 pedes
1416 2507 1518 2547 primi,
1544 2508 1692 2546 corporis
1721 2505 1955 2547 longitudinem
1990 2508 2194 2545 superantes,

146 2550 264 2581 Chelae
287 2551 469 2591 gracilimae
502 2555 570 2583 18¹⁰
601 2551 726 2592 longae,
751 2552 842 2593 digiti
870 2556 949 2583 10⁸¹.
995 2551 1112 2581 Manus
1136 2551 1189 2581 vix
1213 2555 1263 2583 3⁴¹‘
1288 2551 1363 2581 lata.
1408 2550 1520 2591 Margo
1545 2550 1670 2579 interna
1693 2554 1815 2579 armata
1838 2551 1939 2589 spinis
1954 2548 2092 2583 acribus,
2116 2557 2192 2587 pro-

145 2594 342 2631 cedentibus,
366 2595 397 2624 in
421 2594 514 2624 chela
536 2594 651 2625 dextra
674 2597 753 2625 satis
777 2595 881 2625 claris.
929 2594 1046 2625 Chelas
1068 2594 1255 2633 granulatas
1280 2594 1378 2624 fuisse
1403 2604 1535 2631 cense03
1565 2592 1751 2633 perduravit
1774 2594 1855 2622 enim
1884 2594 1916 2621 in
1947 2591 2049 2631 digito
2081 2589 2191 2620 mobili

145 2637 274 2678 gracilis
305 2637 503 2678 granulatim
535 2638 705 2679 angulatas
729 2638 838 2674 fuisse,
863 2638 997 2668 indicari
1020 2637 1149 2667 videtur
1170 2648 1236 2667 uno
1262 2637 1311 2667 vel
1337 2637 1466 2667 duobos
1489 2636 1595 2666 limbis
1619 2633 1921 2674 longitudinalibus.
1967 2634 2061 2663 Tibia
2090 2638 2121 2663 et
2144 2632 2190 2662 fe-

146 2691 215 2710 mur
238 2682 270 2710 in
294 2685 385 2720 parte
408 2681 564 2711 exteriore
586 2692 672 2722 pone
696 2682 874 2712 vertebram
898 2681 992 2721 spina
1015 2681 1206 2710 instructum
1231 2685 1288 2712 est.
1334 2680 1407 2710 Hoc
1431 2679 1533 2720 (quod
1558 2679 1597 2711 H.
1622 2691 1651 2710 v.
1676 2679 1787 2720 Meyer
1814 2678 1958 2709 nominat
1985 2676 2069 2713 „das
2098 2676 2191 2716 lange

147 2723 273 2762 Glied“)
298 2723 472 2754 admodum
495 2729 667 2755 retractum
692 2725 869 2755 secundum
893 2724 1066 2755 thoracem.
1112 2724 1149 2753 ln
1174 2724 1275 2754 semur
1298 2728 1330 2754 et
1352 2723 1511 2753 lamellam
1541 2727 1749 2753 antennarum
1779 2722 1924 2763 procedit
1954 2721 2103 2761 exiguum
2132 2729 2194 2759 par

146 2766 263 2808 pedum
287 2767 491 2799 anteriorum.
