2308 2946
1123 138 1211 185 ...10
1259 182 1280 185 ..

154 240 352 270 duraverunt
375 243 405 269 et
429 244 602 270 occurrunt
625 240 847 275 creberrimae,
873 246 1048 280 postquam
1071 241 1217 283 Faujas
1241 242 1507 273 callianassarum
1522 241 1629 273 chelas
1650 243 1748 274 etofo
1767 243 1855 285 apud
1875 243 2066 276 Maestricht
2087 256 2114 276 a.
2132 251 2211 278 1798

155 284 187 313 in
205 283 372 320 „Histoire
385 283 467 313 dela
479 288 652 324 montagne
669 283 709 313 de
721 282 1007 322 saint-Pierrwff)
1030 286 1189 314 crustacei
1202 285 1288 314 illius
1305 285 1498 322 „Bernhard
1511 285 1718 316 L’Hermite“
1737 298 1809 317 esse
1825 287 2004 319 contendit.
2039 288 2213 321 Chelarum

155 337 272 367 magno
295 337 428 356 numero
453 326 650 356 Callianassa
681 326 715 356 in
738 328 848 355 stratis
873 328 1026 356 cretaceis
1060 329 1199 367 primum
1234 329 1315 358 inter
1345 330 1453 359 omnia
1476 333 1645 359 crustacea
1681 330 1788 360 locum
1818 334 1914 362 tenet.
1961 331 2074 372 Neque
2103 336 2213 364 tamen

156 370 290 399 aberant
303 369 538 405 dubitationes,
564 370 614 399 cui
638 369 745 409 generi
768 369 841 399 illac
865 369 976 399 chelae
999 375 1109 400 essent
1128 371 1371 402 adscribendae.
1409 371 1630 409 Desmarest8)
1655 374 1776 412 primus
1800 373 1983 409 contendit,
2015 384 2068 405 eas
2092 375 2213 417 Paguri

155 423 241 442 esse:
266 413 367 443 secuti
391 416 467 442 sunt
490 423 560 442 eum
584 412 711 453 Kriiger
724 413 754 451 ⁹),
784 412 907 442 Mantel
922 413 969 449 ¹⁰),
998 423 1027 442 v.
1048 412 1250 444 Schlotheim
1264 415 1311 454 ¹¹),
1333 414 1556 453 Defrance¹²)‚
1581 415 1692 445 Bronn
1707 417 1754 453 ¹³),
1777 416 1886 457 Konig
1900 417 1946 454 ¹⁴¹),
1965 417 2212 457 Que11stedt¹⁵);

155 455 271 485 deinde
301 466 327 486 a.
354 459 444 486 1834.
490 456 590 486 Milne
612 454 773 485 Edwards
788 456 830 494 ¹⁶)
854 455 1074 486 Callianassae
1098 467 1151 486 eas
1176 468 1246 487 esse
1270 457 1444 495 intellexit3
1469 468 1563 498 quem
1587 460 1688 488 secuti
1712 464 1788 489 suut
1812 464 1955 490 autorem
1979 461 2014 491 A.
2036 460 2214 501 Romen-¹⁷),

155 498 321 537 Reussffl),
344 499 456 529 Bronn
471 499 517 538 ¹⁹),
541 498 729 538 Geinitz²⁰):
765 498 860 529 Anno
890 503 966 529 1852
993 499 1132 540 denique
1145 500 1308 540 Bronn²¹)
1333 500 1498 530 abdomini
1521 500 1647 530 cuidam
1672 511 1690 531 a
1715 502 1905 532 Geiuitzo2²
1930 503 2060 544 depicto
2086 505 2213 536 innisus

153 553 273 571 novum
297 542 478 572 introduxit
500 545 532 571 et
555 552 670 572 nomen
696 546 727 571 et
757 552 859 583 genus
883 542 1100 584 MesostyIUS‚
1132 554 1216 584 quae
1239 544 1365 584 accepit
1390 547 1471 574 1854
1495 543 1704 585 Bosquet23).
1749 545 1943 577 Ann01860
1964 547 2094 577 tandem
2113 548 2213 579 Milne

155 584 316 615 Edwards
340 585 442 615 edidit
465 585 736 626 monogrophiam
760 596 851 615 suam
876 585 942 621 „de
965 585 996 615 la
1019 586 1138 616 famille
1162 587 1219 617 des
1244 587 1518 617 Thalassiniens⁴‘
1542 587 1573 617 in
1598 598 1662 628 qua
1676 589 1801 629 paginis
1816 593 1854 618 45
1869 588 2090 621 Callianassae
2108 602 2211 633 genus

155 632 281 659 tractat.
328 628 400 667 Qua
429 628 658 658 dissertatione
687 627 800 664 docta,
835 628 1000 669 profunda
1028 640 1096 659 non
1129 630 1235 660 solum
1259 630 1477 661 Callianassae
1500 630 1610 661 chelas
1640 630 1712 661 illas
1736 632 1894 668 vindicat,
1928 633 1986 662 sed
2010 633 2212 666 demonstrat

155 673 249 702 etiam
272 672 390 702 inultas
415 671 539 712 species
562 681 675 702 novas.

308 715 345 745 In
368 719 499 745 nostrae
523 715 664 756 regionis
688 715 813 750 stratis,
844 719 948 744 cretae
971 715 1163 746 Maestricht
1186 716 1394 758 aequalibus,
1423 716 1455 747 id
1484 721 1533 747 est
1566 717 1597 747 in
1626 719 1750 754 stratis,
1781 719 1814 747 in
1846 718 1963 758 quibus
1990 718 2211 750 Belemnitella

155 764 345 789 mucronata
367 758 473 788 locum
497 758 622 788 fossilis
647 757 898 788 characteristici
922 762 1025 795 tenet,
1057 759 1259 789 Callianassa
1287 760 1410 790 fossilis
1440 770 1545 800 usque
1576 760 1617 790 ad
1646 761 1710 790 hoc
1740 766 1868 801 tempus
1898 763 2028 791 inventa
2058 774 2124 793 non
2153 769 2212 794 est.

157 802 306 833 Occurrit
328 801 505 840 tantumss)
529 802 560 831 in
586 802 695 831 stratis
718 801 966 836 Subsenonicis‚
993 813 1074 843 quae
1098 802 1351 833 Belemnitellam
1375 803 1566 844 quadratam
1590 804 1752 844 sepultam
1776 809 1895 835 tenent.
1946 804 1984 834 In
2007 805 2070 836 illis
2095 805 2212 836 Callia-

155 855 326 876 nassarum
348 844 502 885 reliquiae
526 845 734 874 creberrimae
759 849 932 875 occurrunt
956 847 1145 885 praesertim
1168 848 1201 876 in
1224 847 1305 876 locis
1330 847 1581 878 arenosioribus.
1628 847 1703 888 Ipse
1734 849 1841 878 inveni
1873 858 1926 877 eas
1958 848 2045 889 apud
2068 848 2209 886 Borken,

155 889 261 925 Lette,
284 888 435 923 Dfflmen,
460 887 720 924 Gross-Reken,
744 888 895 925 Haltern3
921 899 1057 928 quarum
1080 900 1217 930 parvum
1239 894 1364 920 tantum
1387 901 1552 920 numerum
1575 890 1651 920 mihi
1677 891 1737 921 sub
1763 891 1876 931 oculos
1902 902 1972 921 esse
1985 891 2080 922 valde
2103 892 2210 934 lugeo.

156 932 253 971 Quod
276 933 417 972 pertinet
440 931 481 961 ad
505 933 645 972 species,
676 931 774 961 Milne
797 931 958 962 Edwards
983 931 1216 962 Callianassam
1240 934 1404 974 antiquam
1429 938 1460 963 et
1484 933 1715 964 Callianassam
1737 934 1867 975 Faujasi
1891 936 2049 976 agnoscit.
2096 936 2212 966 Tibiae

157 975 295 1017 angulos
318 975 487 1005 inferiores
511 974 708 1005 rotundatos
735 974 788 1005 vel
815 975 924 1005 chelae
949 974 1150 1016 superficiem
1174 976 1334 1017 glabram,
1365 988 1431 1007 non
1454 973 1656 1018 granulatam
1687 988 1781 1019 quam
1807 977 2029 1008 Callianassae
2059 979 2212 1020 antiquae

156 1020 291 1060 propria
314 1029 384 1048 esse
409 1022 553 1054 constat,
578 1018 727 1059 equidem
751 1018 1004 1048 animadvertere
1028 1030 1095 1049 non
1118 1021 1221 1059 potui.

311 1061 530 1092 Callianassae
553 1061 683 1101 Faujasi
706 1072 781 1091 vero
807 1062 945 1103 insignia
968 1063 1000 1091 in
1023 1064 1145 1092 nostris
1171 1063 1265 1092 etiam
1290 1063 1390 1093 chelis
1414 1065 1637 1099 inveniuntur,
1662 1074 1857 1104 quamquain
1879 1065 1912 1094 in
1937 1065 2087 1095 omnibns
2111 1065 2209 1096 rebus

157 1116 228 1136 cum
252 1105 438 1146 archetypis
462 1104 797 1134 Maesti-ichtiensibus
821 1116 886 1135 non
911 1106 1186 1146 correspondent,
1211 1117 1349 1147 qnorum
1368 1106 1587 1148 magnitudine
1613 1112 1816 1147 superantur.
1851 1107 2119 1138 Guestfaliearum
2142 1119 2211 1138 ma-

156 1160 217 1179 nus
239 1150 408 1189 angustior
431 1152 522 1178 estet
536 1148 680 1189 longior,
706 1148 791 1178 linea
816 1148 938 1179 dorsali
962 1148 1102 1184 directa,
1127 1149 1203 1179 dum
1216 1150 1543 1180 Maestrichtiensium
1566 1150 1744 1190 paullulum
1760 1155 1893 1180 curvata
1912 1156 2057 1192 apparet.
2096 1152 2212 1183 Femur

156 1192 288 1223 densius
313 1191 456 1233 granulis
481 1193 641 1222 consitum
664 1196 727 1228 est,
752 1191 850 1221 index
875 1192 970 1222 dente
994 1197 1146 1222 armatus.
1190 1191 1227 1223 In
1251 1193 1356 1223 indice
1380 1197 1411 1223 et
1434 1193 1554 1233 pollice
1577 1198 1608 1223 et
1631 1195 1662 1223 in
1686 1194 1834 1234 partibus
1866 1194 2072 1225 inferioribus
2096 1206 2211 1226 manus

156 1246 193 1265 ac
216 1235 346 1265 femuris
370 1235 510 1265 omnium
534 1234 764 1275 exemplarium
788 1237 885 1265 series
919 1235 974 1265 illa
1004 1244 1141 1276 apparet
1176 1247 1349 1276 parvarum
1378 1236 1570 1273 fistularum,
1610 1247 1625 1266 e
1655 1237 1772 1278 quibus
1807 1237 1947 1278 penicilli
1977 1238 2210 1279 procedebant.

157 1279 326 1309 Chelarum
351 1278 452 1308 altera
475 1289 601 1318 semper
624 1278 728 1308 minor
752 1282 802 1308 est
825 1282 856 1308 et
878 1281 980 1319 magis
1003 1283 1162 1319 porrecta.

309 1322 441 1352 Praeter
464 1322 574 1352 chelas
599 1321 688 1362 apud
711 1321 803 1351 Lette
826 1324 934 1352 inveni
958 1322 1139 1363 fragmenta
1151 1323 1349 1353 abdominis:
1375 1323 1530 1353 nonnulla
1547 1327 1711 1365 segmenta
1724 1323 1939 1354 cohaerentia.
1975 1324 2011 1353 In
2024 1324 2211 1355 universum

156 1377 222 1396 non
246 1365 351 1395 aliena
379 1368 455 1395 sunt
478 1376 496 1394 a
520 1365 741 1405 descriptione
765 1365 971 1403 Geinitzi25).
1002 1367 1187 1405 praesertin]
1212 1371 1376 1407 segmenta
1410 1367 1553 1403 tertium,
1582 1371 1747 1408 quartum,
1779 1367 1939 1408 quintum,
1968 1372 2104 1400 sextum.
2151 1368 2209 1399 Se-

156 1409 298 1440 cundum
322 1419 452 1450 quoque
481 1412 681 1449 segmentum
711 1409 803 1439 initio
828 1406 966 1438 Geinitzi
995 1409 1211 1449 depictionem
1242 1410 1455 1450 comprobare
1484 1409 1669 1445 videbatur3
1703 1410 1833 1447 deinde,
1868 1416 2044 1451 postquam
2067 1411 2210 1451 lapidem

156 1453 383 1482 adhaerentem
407 1454 543 1487 removi,
568 1451 727 1487 intellexi,
757 1452 791 1482 id
815 1452 905 1493 quod
929 1452 1057 1482 videtur
1080 1463 1151 1482 esse
1176 1454 1306 1494 angusti
1336 1453 1461 1483 articuli
1485 1453 1602 1490 forma,
1632 1464 1741 1483 revera
1764 1464 1829 1483 non
1862 1464 1945 1490 esse,
1976 1454 2038 1483 nisi
2069 1455 2210 1494 spatium

157 1495 284 1526 duabus
305 1496 421 1526 carinis
444 1495 736 1536 longitudinalibus
760 1496 965 1530 conclusum,
991 1496 1082 1536 eique
1107 1496 1278 1537 adjunctas
1302 1507 1372 1527 esse
1396 1497 1476 1526 duas
1499 1496 1631 1527 lacinias
1654 1497 1844 1538 marginales
1868 1497 1980 1527 eodem
2004 1497 2117 1534 modo,
2144 1508 2210 1539 quo

157 1541 190 1569 in
214 1539 416 1569 Callianassa
438 1538 650 1577 A1·c11iaci²⁶).
697 1538 904 1580 Segmentum
929 1539 1063 1579 primum
1088 1545 1119 1569 et
1143 1541 1313 1580 septimum
1338 1550 1496 1581 nusquam
1521 1542 1677 1581 cognovi,
1703 1551 1807 1581 neque
1831 1540 2147 1581 cephalothoracem.

312 1944 334 1976 ⁷)
354 1951 378 1976 p.
399 1942 456 1972 179,
475 1942 508 1975 pl.
527 1941 568 1966 32.
589 1940 605 1966 f.
625 1941 648 1971 5,
668 1941 691 1967 6.

317 1988 338 2019 ⁸)
359 1984 424 2011 1822
444 1984 508 2009 Ηίεϊ,
530 1987 581 2009 nat.
601 1984 647 2009 des
666 1984 750 2010 Crust.
770 1984 826 2009 foss
854 1993 878 2018 p.
900 1985 956 2015 127,
975 1985 1009 2019 pl.
1031 1986 1070 2015 11,
1089 1985 1131 2019 fig;
1151 1985 1175 2012 2.

310 2030 332 2062 ⁹)
355 2028 428 2055 1823,
447 2027 613 2052 Urweltliche
632 2026 872 2061 Naturgeschichte,
893 2031 909 2055 t,
929 2028 970 2057 11.‚
989 2037 1013 2062 p.
1036 2028 1094 2054 129.

315 2073 348 2104 ¹⁰)
368 2071 441 2101 1822,
461 2070 518 2095 The
539 2070 642 2095 fossiles
662 2070 694 2095 of
708 2071 750 2095 the
771 2070 853 2096 South
872 2071 970 2096 Downs
989 2079 1020 2095 or
1038 2071 1115 2097 illust.
1134 2071 1166 2096 of
1181 2072 1222 2097 the
1241 2072 1308 2106 geol.
1327 2072 1359 2097 of
1371 2072 1469 2098 Sussex
1490 2072 1523 2106 pl.
1542 2071 1583 2101 24,
1606 2071 1623 2096 f.
1644 2071 1670 2098 3.

288 2121 290 2123 ’
312 2115 346 2147 ¹¹)
368 2114 440 2140 1823.
459 2113 499 2138 die
518 2113 771 2139 Petrefactenkunde
789 2113 838 2138 auf
851 2114 931 2139 ihi-cm
945 2114 1009 2147 jetz.
1028 2114 1207 2148 Standpunkte
1226 2124 1250 2148 p.
1270 2115 1310 2141 55.

316 2158 349 2190 ¹²)
372 2156 444 2186 1825,
464 2156 574 2182 Diction.
594 2156 640 2180 des
660 2164 694 2181 sc.
714 2160 774 2187 nat,
794 2160 803 2181 t
830 2157 981 2187 XXXVII„
1001 2158 1042 2191 fig.
1062 2157 1124 2184 232.

316 2201 350 2232 ¹⁸)
368 2200 464 2225 Lethea
485 2199 664 2233 geognostica,
682 2207 706 2232 p.
726 2199 786 2230 736,
805 2200 839 2233 pl.
859 2200 900 2230 27,
920 2200 954 2234 fig
981 2200 1022 2226 23.

316 2244 350 2276 ¹⁴)
372 2242 446 2273 1825,
464 2242 540 2267 Jeon.
560 2242 632 2276 foss„⁷
652 2246 713 2267 sect.
729 2243 763 2267 tb.
783 2243 807 2273 2,
825 2243 859 2276 fig
886 2243 928 2270 20.

317 2286 349 2315 ¹⁸)
371 2285 443 2316 1851,
461 2285 605 2310 Handbuch
624 2285 670 2310 der
688 2285 947 2316 Petrefactenkunde,
966 2295 990 2319 p.
1009 2285 1068 2315 264,
1087 2285 1121 2318 pl.
1141 2285 1182 2315 20,
1202 2285 1243 2319 fig.
1264 2285 1287 2310 6.

313 2330 346 2362 ¹⁵)
368 2328 441 2358 1834,
460 2328 526 2354 Histv
546 2332 598 2355 nat.
617 2328 663 2353 des
683 2328 776 2359 Crust.,
800 2332 818 2354 t.
837 2328 877 2359 11.,
896 2337 919 2361 p.
941 2329 999 2354 310.

314 2373 347 2405 ¹⁷)
369 2372 443 2402 1840,
462 2371 585 2396 Verstein
613 2371 659 2396 des
681 2371 862 2398 norddeutsch.
882 2371 1102 2405 Kreidegebirges
1116 2380 1140 2405 p.
1164 2371 1219 2397 106.

313 2415 347 2448 ¹⁶)
371 2414 442 2444 1845,
464 2414 594 2439 Verstein,
615 2414 660 2439 der
679 2414 845 2439 bfihmischen
864 2414 1111 2445 Kreideformation,
1130 2414 1163 2448 pl.
1183 2415 1207 2442 5.
1223 2414 1264 2447 fig.
1283 2415 1323 2440 52.

318 2459 350 2490 ¹’)
371 2457 444 2488 1848,
462 2457 542 2482 Index
562 2457 812 2491 palaeontologicuS,
834 2458 855 2483 1.
875 2457 952 2482 Abth.
972 2466 996 2491 p.
1016 2457 1075 2484 208.

315 2502 349 2533 ²⁰)
371 2500 443 2530 1849,
463 2500 509 2525 das
529 2499 884 2534 Quadersandsteingebirge‚
903 2509 927 2534 p.
948 2500 980 2525 96

312 2544 349 2577 ²¹)
370 2543 443 2574 1852,
462 2543 561 2568 Lethea.
578 2543 757 2576 geognostica‚
776 2544 799 2570 3.
818 2544 888 2569 Aun.
907 2543 938 2570 T.
957 2544 981 2573 2,
1000 2553 1024 2578 p⁴
1045 2544 1103 2573 354,
1123 2544 1158 2570 tb.
1178 2544 1220 2575 27,
1239 2544 1281 2578 fig.
1300 2543 1340 2569 23.

316 2587 351 2619 ²²)
373 2586 445 2615 1849,
466 2586 512 2610 das
531 2585 889 2620 Quadersandsteingebirge,
908 2587 958 2612 tab.
970 2587 985 2612 2
1004 2587 1047 2620 fig.
1060 2587 1084 2613 6.

314 2630 351 2662 ¹⁸)
372 2629 446 2657 1854,
466 2628 552 2654 Crust.
573 2633 637 2655 iuss.
657 2629 691 2654 du
709 2632 770 2656 terr,
790 2630 850 2656 eret.
871 2630 904 2654 dn
923 2629 1072 2664 Limbourg‚
1091 2639 1115 2663 p.
1137 2630 1193 2661 133,
1212 2631 1248 2657 tb.
1270 2631 1308 2657 10.
1328 2631 1369 2664 fig.
1392 2631 1431 2656 10.

311 2673 346 2705 ²⁴)
366 2672 394 2696 In
414 2669 570 2702 „Verhandi
590 2672 636 2697 des
655 2672 787 2698 naturhist.
816 2673 927 2698 Vereins
955 2672 996 2698 sfir
1024 2673 1122 2699 Rheinl.
1142 2682 1166 2699 n.
1188 2673 1326 2707 Westphf⁴
1346 2673 1434 2707 Jahrg.
1462 2672 1527 2699 1860
1544 2673 1662 2698 contendi
1683 2680 1738 2698 eam
1757 2672 1863 2697 inveniri
1882 2672 1907 2697 in
1926 2672 2016 2706 glauca
2034 2680 2112 2698 arena
2130 2672 2201 2705 apud

162 2706 246 2731 Essen
265 2707 334 2739 quod
353 2714 477 2732 revocare
495 2706 590 2733 debeo.

317 2749 353 2782 ¹⁶)
373 2749 485 2779 Quader,
505 2749 537 2776 11.
556 2749 580 2780 2,
599 2749 624 2775 3.

316 2793 352 2826 ὀ)
371 2792 451 2817 Milne
471 2791 595 2817 Edwards
617 2792 690 2823 1860,
709 2793 760 2819 tab.
779 2793 852 2819 XIV.
873 2793 888 2818 s.
911 2794 931 2819 l.
