2308 2946
740 319 768 346 2.
809 317 902 346 Genus
924 314 1133 349 Podocratus
1156 316 1255 345 Becks.
1285 318 1374 351 1850,
1397 318 1455 345 sine
1478 317 1617 352 diagnose.

923 391 979 422 cfr.
1005 390 1140 427 Geinitz,
1164 390 1304 429 Quader,
1332 394 1421 421 1850.

925 434 1004 476 Syn.
1028 434 1189 475 Thenops
1212 433 1281 464 Bell
1309 438 1399 465 1857.

214 545 219 556 s
307 521 401 553 Char.
426 530 496 561 gen.
541 520 668 550 Testa
692 520 866 561 depressa,
897 519 979 555 lata,
1004 519 1163 560 oblonga,
1188 524 1279 560 tergo
1304 519 1407 549 tribus
1430 518 1570 549 fortibus
1595 518 1712 549 carinis
1737 524 1850 549 ornato
1876 522 2025 559 (quorum
2048 519 2153 550 media
2175 519 2207 549 in

154 559 348 595 anteriorem
370 565 533 605 regionem
557 574 753 604 procurrens
777 565 810 593 in
834 566 943 603 partes
966 562 1076 603 plures
1103 562 1306 599 distrahitur)
1340 562 1506 602 profundo
1543 561 1634 592 sulco
1669 561 1817 592 cervicali
1851 562 2060 603 inaequaliter
2093 562 2207 598 divisa,

152 607 220 638 lato
244 607 434 638 dichotomo
458 610 565 637 rostro
595 609 687 647 (post
710 606 799 647 quod
822 608 855 636 in
878 606 963 636 linea
985 605 1091 636 media
1124 606 1292 636 excavatio
1325 605 1434 646 plana)
1465 605 1596 646 regione
1623 604 1802 635 branchiali
1833 605 2018 641 tectiformi,
2051 605 2207 636 lateribus

153 650 297 681 thoracis
321 650 559 691 posterioribus
584 660 603 679 a
627 650 743 680 carinis
768 649 983 680 exterioribus
1007 649 1048 679 ad
1071 649 1245 689 marginem
1268 653 1372 679 testae
1396 648 1564 690 quadratis
1586 648 1713 689 angulis
1730 647 1964 680 decidentibus.
1997 649 2208 679 Antennae

153 699 349 724 externae
383 693 596 727 fortissimae,
629 692 764 734 flagellis
793 694 888 723 tertio
918 693 1036 723 baseos
1061 692 1198 722 articulo
1224 692 1367 728 insertiS,
1398 691 1558 732 profunde
1581 691 1724 722 sulcatis.
1792 690 2002 731 Epistoma
2023 692 2206 723 maximum.

151 736 414 768 Mandibulae
436 736 554 771 fortes,
583 736 681 777 longe
704 736 894 777 productae.
949 735 1137 766 Sternum
1160 735 1278 771 latum,
1305 735 1455 767 validum.
1512 734 1642 765 Pedes
1666 734 1772 775 longi,
1796 733 1862 764 fere
1886 736 1996 775 aequi,
2020 735 2082 765 nisi
2105 735 2206 766 ultimi

151 780 219 811 bini
242 780 399 815 minores;
422 780 556 810 ultimus
580 779 724 810 thoracis
749 779 891 810 annulus
915 778 1054 810 solutus.
1099 778 1183 809 Abd
1194 778 1340 809 ominis
1364 778 1490 808 articuli
1513 788 1531 808 a
1555 778 1663 808 carina
1686 777 1790 808 media
1813 777 1964 809 declives.

307 823 442 854 Observ.
488 822 574 853 Dum
598 822 882 864 cephalothoracis
904 822 1070 863 posterior
1093 826 1218 852 tantum
1241 832 1318 863 pars
1342 822 1402 852 sub
1428 821 1531 852 oculis
1556 825 1631 858 erat,
1654 820 1717 851 hoc
1741 820 1954 861 fragmentum
1978 830 2049 850 esse
2071 820 2205 851 videba-

151 870 204 897 tur
227 866 401 908 brachyuri
426 865 594 907 cujusdam
618 876 635 896 e
658 866 903 907 propinquitate
927 865 1091 906 Dorippes
1115 865 1268 906 spinosae
1287 865 1385 895 Risso
1400 864 1571 905 (Homolae
1595 864 1798 905 spinifrontis
1822 863 1941 904 Leaeh)
1965 874 1982 894 e
2004 863 2083 894 mari
2105 863 2205 894 medi-

150 914 310 942 terraneo.
377 909 498 940 Postea
521 913 627 939 autem
652 919 751 950 quum
774 913 962 950 appareret,
994 908 1058 939 hoc
1089 912 1290 938 crustaceum
1322 919 1423 949 genus
1454 907 1538 938 idem
1561 918 1648 944 esse,
1684 907 1775 948 quod
1799 906 1923 937 Geinitz
1948 907 2205 942 communicavit,

152 952 274 993 (doleo,
311 953 345 983 id
367 957 493 983 tantum
517 952 680 993 depictum
704 963 790 989 esse,
824 964 890 982 11011
924 952 1133 992 descriptum)
1165 962 1336 982 macruron
1360 952 1420 981 sub
1445 951 1549 981 oculis
1574 961 1643 981 esse
1667 950 1762 981 simul
1784 950 2013 991 intelligebam.
2080 949 2206 980 Deinde

152 1007 251 1037 quum
273 1007 420 1026 macrura
442 996 583 1026 viventia
608 1001 833 1036 perscrutarer,
859 1000 895 1025 ut
917 995 1100 1032 invenirem,
1124 1006 1263 1036 quocum
1287 995 1351 1025 hoc
1374 994 1486 1025 fossile
1509 1005 1739 1035 compararem,
1763 993 1796 1023 id
1811 993 1901 1023 nullo
1913 993 2012 1024 modo
2028 992 2095 1023 fieri
2108 1003 2206 1034 posse

152 1039 312 1075 videbam,
337 1041 397 1069 nisi
422 1050 493 1069 cum
518 1038 718 1080 ScyllaridiS.

304 1083 400 1113 Anno
434 1086 513 1112 1557
538 1082 609 1112 Bell
638 1082 669 1112 in
694 1082 860 1112 societatis
884 1081 1238 1123 palaeontographicae
1264 1081 1434 1111 annalibus
1466 1080 1638 1121 descripsit
1662 1084 1828 1110 crustacea
1850 1081 1882 1110 in
1906 1079 2046 1110 London
2071 1098 2107 1102 —
2133 1079 2205 1121 clay

151 1127 292 1163 inventa,
315 1136 500 1166 novumque
524 1136 625 1167 genus
649 1125 807 1166 Thenops
831 1135 902 1155 esse
925 1124 1041 1154 voluit.
1094 1124 1193 1162 Quod
1217 1135 1235 1154 a
1258 1124 1394 1154 Geinitzi
1417 1123 1603 1154 Podocrate
1626 1123 1714 1153 haud
1739 1122 1864 1153 differre
1887 1122 2021 1153 dubium
2044 1133 2115 1153 esse
2137 1133 2204 1153 non

148 1173 277 1210 potest;
303 1169 396 1210 cujus
419 1170 524 1210 imago
547 1168 639 1199 Bello
662 1169 775 1209 ignota
799 1168 899 1198 fuisse
922 1168 1060 1198 videtur.
1107 1168 1220 1208 Neque
1244 1178 1314 1197 eum
1338 1167 1478 1209 sugebat,
1502 1167 1701 1207 Thenopem,
1727 1177 1819 1207 quem
1844 1166 2039 1202 nominabat,
2065 1166 2205 1208 Scyllari

149 1212 245 1243 valde
270 1212 402 1243 similem
427 1222 505 1242 esse.
549 1212 650 1242 Immo
674 1214 778 1247 etiam,
803 1222 901 1252 quum
926 1212 1084 1246 materies,
1110 1221 1205 1251 quam
1230 1211 1380 1246 habebat,
1404 1215 1560 1241 antennas
1585 1215 1734 1240 externas
1759 1220 1825 1239 non
1841 1209 2034 1246 ostenderet,
2057 1210 2118 1239 nisi
2129 1209 2203 1239 arti-

150 1255 297 1287 culorum
320 1255 479 1286 basalium
503 1255 690 1296 fragmenta,
715 1254 817 1296 (quod
843 1254 972 1295 quidem
997 1265 1037 1284 ex
1059 1255 1196 1295 imagine
1220 1254 1392 1289 concludo,
1418 1264 1513 1294 quam
1538 1254 1569 1283 in
1595 1253 1658 1284 tab.
1675 1253 1748 1289 VII,
1773 1252 1824 1294 fig.
1851 1258 1866 1282 3
1892 1253 2087 1294 pingendam
2111 1262 2203 1283 cura-

148 1300 206 1337 vit)
229 1299 289 1329 has
314 1304 471 1329 antennas
497 1298 635 1340 Scyllari
659 1298 836 1340 persimiles
860 1308 931 1328 esse
954 1298 1126 1328 aestimans
1151 1298 1341 1338 Tlienopem
1366 1297 1619 1339 Scyllaridarum
1642 1296 1779 1326 familiae
1803 1296 1966 1326 adscribit.
2012 1296 2122 1326 Nihilo
2146 1296 2203 1325 mi—

149 1353 212 1373 nus
235 1353 301 1372 non
325 1342 430 1373 solum
454 1346 664 1372 antennarum
689 1346 891 1372 externarum
915 1343 1004 1372 varia
1026 1341 1139 1376 forma,
1165 1341 1222 1371 sed
1246 1343 1342 1371 etiam
1366 1340 1444 1371 aliae
1468 1340 1673 1371 conditiones
1698 1339 1760 1369 hoc
1784 1344 1986 1369 crustaceum
2011 1339 2203 1381 Scyllaridis

150 1385 393 1427 adjungendum
418 1395 488 1415 esse
512 1390 647 1426 negant3
672 1384 874 1426 Scyllaridae
897 1385 1020 1415 scilicet
1043 1384 1164 1414 clarum
1189 1384 1313 1414 sulcum
1338 1384 1524 1415 cervicalem
1548 1394 1614 1413 non
1637 1383 1773 1419 habent3
1796 1393 1902 1423 neque
1920 1393 2029 1412 eorum
2044 1383 2204 1423 epistoma

150 1440 256 1470 neque
280 1428 486 1459 mandibulae
508 1428 705 1458 Podocratis
729 1433 885 1469 aequant;
908 1438 1023 1467 magna
1048 1429 1142 1457 etiam
1168 1428 1348 1458 differentia
1371 1429 1402 1457 in
1426 1438 1463 1457 eo
1488 1429 1597 1468 posita
1620 1430 1676 1463 est,
1701 1425 1790 1466 quod
1814 1426 1915 1455 ultimi
1940 1425 2005 1455 bini
2030 1426 2130 1466 pedes
2146 1435 2202 1455 an-

149 1474 284 1503 teriores
308 1477 414 1513 tegere
437 1472 596 1502 videntur.
641 1471 844 1502 Podocrates
867 1468 973 1512 aeque
993 1482 1030 1501 ac
1052 1471 1225 1501 Palinurus
1251 1471 1435 1501 fortissimis
1459 1472 1608 1500 antennis
1637 1469 1772 1510 insignis
1802 1474 1851 1499 est
1880 1473 1911 1498 et
1940 1469 2031 1499 sulco
2056 1468 2203 1499 cervicali

151 1521 183 1546 et
206 1515 345 1557 pedibus
370 1515 476 1556 longis
501 1525 604 1556 aeque
626 1514 693 1545 fere
716 1514 844 1545 validis.
900 1515 1053 1555 Utrisque
1076 1526 1175 1556 porro
1200 1514 1300 1555 pedes
1324 1514 1505 1544 maxillares
1530 1515 1726 1554 posteriores
1750 1512 1852 1553 longi,
1884 1512 2018 1542 Scillaro
2043 1517 2148 1542 autem
2173 1516 2203 1541 et

150 1559 268 1589 Theno
294 1564 326 1589 et
349 1558 448 1588 Ibaco
473 1560 575 1599 parvi,
597 1560 710 1595 manci,
733 1558 870 1593 debiles„
895 1559 1065 1588 contracti.
1122 1558 1381 1588 Mandibularum
1406 1557 1545 1598 denique
1571 1562 1602 1586 et
1624 1556 1825 1597 epistomatis
1849 1555 2068 1596 magnitudine
2091 1555 2202 1585 Podo-

150 1607 254 1633 crates
276 1602 438 1632 Palinuris
462 1603 583 1642 potius,
607 1612 702 1642 quam
727 1601 917 1643 Scyllaridis
942 1602 1158 1642 propinquus

304 1645 396 1683 Quae
413 1656 511 1686 quum
532 1645 577 1675 ita
597 1645 670 1680 sint,
690 1644 892 1675 Podocrates
905 1645 1065 1675 Palinuris
1085 1644 1321 1685 adjungendus,
1341 1654 1478 1685 quorum
1498 1645 1530 1673 111
1546 1641 1746 1684 Scyllaridas
1760 1643 1930 1671 transitum
1946 1647 2052 1671 tenere
2064 1641 2202 1673 videtur.

303 1688 402 1727 Quod
424 1690 564 1730 pertinet
588 1688 629 1718 ad
652 1699 770 1718 nomen
794 1688 1006 1725 Podocrates,
1030 1699 1048 1718 a
1070 1688 1255 1729 professore
1272 1687 1376 1717 Becks
1392 1687 1639 1717 Monasteriensi
1664 1687 1829 1715 inventum
1853 1689 1902 1714 est
1926 1695 2107 1726 magnoque
2132 1696 2202 1715 cru-

150 1737 259 1763 staceo
286 1743 302 1762 e
327 1733 437 1762 stratis
461 1733 609 1762 arenosis
634 1742 737 1772 prope
760 1731 900 1761 Diilmen
924 1732 1044 1762 datum.
1112 1731 1249 1761 Becksio
1274 1736 1420 1763 mortno,
1446 1730 1585 1765 Geinitz,
1611 1733 1787 1770 postquam
1810 1728 1873 1757 hoc
1897 1733 2099 1758 crustaceum
2122 1728 2204 1758 vidit

148 1776 180 1806 in
205 1775 396 1806 collectione
418 1775 677 1810 Monasteriensi,
701 1774 764 1804 hoc
788 1785 904 1805 nomen
929 1775 1151 1812 „Podocratus
1164 1774 1339 1804 Diilmense
1363 1773 1486 1803 1300115ι
1512 1772 1679 1803 transtulit
1703 1773 1734 1801 in
1759 1772 1920 1801 carcinum
1944 1771 2103 1812 quendam
2128 1782 2202 1812 par-

149 1830 240 1855 vum,
273 1819 435 1849 detectum
464 1818 495 1848 in
529 1819 681 1854 „oberem
705 1817 955 1857 Quadermergel
979 1829 1044 1848 von
1067 1817 1378 1859 I{ieslingswalda“3
1423 1818 1477 1857 qui
1501 1818 1534 1846 in
1563 1814 2047 1855 „Quadersandsteingebirge“
2073 1815 2137 1845 tab.
2162 1814 2203 1850 ΙΙ,

148 1862 201 1904 fig.
230 1866 246 1892 6
273 1862 422 1902 depictus
448 1867 506 1897 est,
530 1872 596 1891 non
620 1861 813 1901 descriptus.
857 1858 948 1892 Talis
973 1863 1102 1891 transiit
1125 1862 1156 1891 in
1171 1861 1326 1891 Letheam
1350 1861 1594 1901 geognosticam
1618 1860 1745 1888 tertium
1770 1858 1886 1887 editam
1912 1869 1928 1887 a
1952 1858 2027 1888 viris
2052 1858 2202 1888 doctissi-

148 1907 207 1936 mis
230 1905 340 1936 Bronn
365 1909 396 1935 et
418 1904 545 1935 Romer.

304 1949 399 1978 Anno
427 1952 506 1978 1857
531 1958 549 1977 a
571 1947 662 1977 Bello
688 1958 808 1977 novum
834 1958 935 1988 genus
960 1946 1119 1987 Thenops
1142 1947 1363 1977 introductum
1387 1957 1457 1976 esse
1475 1946 1543 1986 jam
1566 1945 1747 1975 memoravi.
1785 1943 1882 1982 Quod
1905 1955 2022 1974 nomen
2035 1943 2203 1985 Thenops.⁷

149 1992 175 2022 si
202 1992 402 2032 prioritatem
426 1993 587 2032 respicere
611 1991 713 2026 decet,
738 1992 806 2020 sine
831 1991 930 2020 dubio
952 1990 1171 2021 revocandum
1196 1995 1252 2023 est,
1279 2001 1378 2030 quum
1398 1989 1461 2028 jam
1486 1999 1570 2018 anno
1600 1991 1679 2018 1850
1704 1989 1826 2027 opt-ima
1849 1988 1973 2017 notatio
1997 1987 2203 2018 Podocratus

147 2035 253 2065 Becks
278 2046 296 2064 a
320 2034 444 2064 Geinitz
468 2036 500 2064 in
525 2033 729 2074 disciplinam
753 2033 1013 2064 introduceretur
1035 2033 1209 2074 tabulaque
1242 2033 1428 2063 firmaretur.
1496 2032 1580 2062 Dum
1612 2031 1710 2060 hasce
1741 2030 1887 2071 pagellas
1921 2042 2098 2071 compono,
2132 2033 2204 2071 ipse

147 2078 351 2109 Podocrates
376 2077 562 2108 Diilmensis
587 2088 604 2107 e
628 2077 820 2107 collectione
844 2077 1093 2107 Monasteriensi
1117 2088 1188 2107 cum
1213 2082 1298 2113 nota,
1322 2076 1450 2106 Becksii
1474 2086 1568 2105 manu
1594 2075 1728 2115 propria
1752 2075 1882 2114 scripta.
1907 2078 1980 2103 ante
2005 2074 2119 2104 oeulos
2144 2079 2201 2105 est.

149 2121 222 2160 Quo
246 2122 397 2152 edoceor:
444 2121 598 2162 primum,
628 2121 799 2151 lectionem
822 2121 985 2161 vulgatam
1010 2120 1228 2150 Podocratus
1252 2119 1437 2150 mutandam
1463 2129 1535 2148 esse
1559 2119 1591 2147 in
1616 2117 1787 2147 lectionem
1810 2117 2038 2153 Podocrates,
2063 2117 2102 2147 ab
2127 2119 2201 2157 ipso

148 2164 286 2195 Becksio
312 2164 481 2205 scriptam3
512 2163 643 2199 deinde,
668 2164 748 2193 alius
773 2164 891 2204 speciei
916 2174 987 2193 esse
1011 2164 1074 2194 hoc
1099 2168 1315 2199 crustaceum,
1340 2163 1420 2192 alius
1444 2162 1525 2192 illud
1548 2172 1566 2191 a
1591 2160 1715 2190 Geinitz
1740 2160 1919 2201 depictum;
1964 2160 2103 2201 ideoque
2128 2159 2202 2189 Gei-

147 2209 236 2238 nitzii
260 2218 347 2238 novo
372 2207 499 2237 nomine
523 2217 607 2247 opus
632 2218 711 2238 esse.

301 2259 389 2299 Ergo
414 2269 516 2300 genus
540 2258 742 2289 Podo‹·rates
768 2259 974 2299 componitur
998 2258 1168 2298 speciebus
1194 2258 1423 2298 sequentibus:

763 2318 964 2349 Podocratvs
988 2318 1174 2348 Diilmensis
1198 2318 1308 2352 Becks,

765 2362 966 2392 Podocrates
992 2361 1236 2403 scyllariformis
1261 2361 1330 2391 Bell
1355 2361 1451 2401 sp.¹‘¹)⁷

762 2406 963 2436 Podocrates
1095 2416 1143 2445 sp.

852 2450 930 2490 Syn.
956 2448 1161 2478 Podocratus
1185 2448 1361 2478 Diilmense
1387 2445 1512 2475 Geinitz
1537 2448 1615 2481 (non
1640 2443 1766 2476 Becks‘).

306 2509 411 2550 Hujus
443 2510 568 2550 generis
601 2509 726 2549 species
759 2513 934 2539 occurrunt
963 2510 994 2538 in
1024 2509 1133 2538 stratis
1161 2507 1394 2538 recentioribus
1425 2505 1576 2536 cretaceis
1602 2508 1632 2533 et
1656 2503 1816 2533 tertiariis.

302 2664 322 2694 θ)
341 2663 368 2687 111
388 2671 477 2687 museo
497 2662 678 2696 inineralogieo
700 2662 871 2687 Berolinense
890 2662 990 2695 specics
1009 2661 1097 2686 similis
1118 2669 1147 2685 ex
1165 2662 1248 2686 insula
1267 2661 1372 2694 Sheppy
1401 2662 1579 2688 conservatum
1601 2666 1676 2691 quam
1695 2662 1722 2682 ut
1741 2657 1824 2682 acrius
1843 2662 1980 2682 contuor-er
1999 2656 2065 2689 pros.
2085 2655 2194 2689 Beyrich

146 2697 272 2723 benevole
291 2698 419 2723 monebat.
456 2697 526 2722 Inter
536 2697 706 2722 Podocratem
726 2696 939 2730 scynariformem
959 2700 984 2721 et
1002 2696 1049 2721 hoc
1070 2700 1229 2721 crustat—eum
1249 2696 1310 2720 haee
1331 2695 1384 2720 sere
1403 2695 1540 2721 intersunt:
1565 2693 1589 2717 in
1598 2692 1742 2718 Podocrate
1762 2692 1948 2724 scyllarisorine
1968 2691 2069 2715 eminae
2089 2698 2103 2715 e
2121 2690 2193 2715 sulco

147 2732 264 2757 cervicali
284 2736 341 2756 orto
362 2731 393 2756 ad
412 2732 493 2756 instar
512 2732 620 2764 sagittae
640 2735 808 2765 convergunt,
828 2731 901 2764 cujus
920 2731 1024 2756 aculeus
1043 2730 1142 2754 duabus
1158 2731 1232 2755 etiam
1252 2730 1345 2754 carinis
1357 2728 1476 2754 brevibus
1496 2727 1642 2757 obsidetur;
1662 2727 1740 2752 totius
1760 2726 1851 2752 deinde
1866 2731 1949 2750 testae
1968 2725 2116 2758 superficies
2134 2732 2194 2757 gra-

147 2767 243 2791 nulata.
298 2765 382 2799 Hujus
409 2774 470 2790 vero
499 2766 600 2790 carinae
626 2769 745 2790 curvatae
766 2770 825 2790 sunt
843 2773 927 2798 neque
947 2774 1005 2790 sese
1031 2769 1151 2798 tangunt3
1171 2765 1196 2789 in
1217 2773 1302 2790 earum
1322 2764 1371 2789 tine
1390 2763 1438 2788 tria
1456 2762 1602 2795 tubercula3
1617 2762 1693 2795 juxta
1712 2762 1852 2786 carinarum
1873 2761 2020 2794 superiores
2039 2763 2125 2793 partes
2145 2758 2193 2783 loci

147 2801 217 2826 nitidi
238 2801 330 2834 glabri,
351 2800 463 2834 angulati
483 2804 541 2825 ame
560 2800 669 2825 medium
688 2800 847 2825 tuberculum
868 2808 926 2824 sese
946 2800 1148 2824 commiscentes
