2308 2946
1107 143 1210 192 ..19

1008 292 1088 339 lv.
1120 291 1324 339 caridus

291 375 431 412 Carides,
455 385 591 417 corpore
615 385 814 415 compresso,
838 375 975 415 tegmine
1004 375 1169 412 corneolo,
1193 375 1341 405 antennis
1366 374 1506 405 externis
1530 375 1594 406 alte
1617 376 1761 411 insertis,
1797 378 1882 417 stylo
1912 384 2048 416 squama
2075 384 2192 415 magna

137 423 297 450 contecto.
321 419 451 449 fossiles
476 428 580 459 usque
603 418 645 448 ad
669 417 732 447 hoe
755 422 883 458 tempus
907 418 1029 448 inventi
1055 428 1121 448 11011
1146 423 1245 454 erant,
1276 418 1338 448 nisi
1362 419 1394 448 in
1417 419 1536 455 stratis,
1573 429 1656 459 quae
1678 429 1834 449 vocamus
1867 417 2189 458 „lithographischen

139 462 283 493 Sehiefer
307 462 363 492 des
386 462 498 499 Jura“;
522 462 552 491 in
576 461 628 491 his
653 461 781 502 quidem
807 461 981 491 admodum
1006 461 1118 493 crebri.
1165 461 1387 501 Conjiciebant
1411 464 1516 491 autem
1541 462 1600 491 viri
1614 461 1664 491 his
1687 462 1783 492 rebus
1795 461 1943 497 studiosi,
1961 458 2095 502 juniora
2107 471 2187 501 quo·-

138 516 200 547 que
225 509 326 536 strata
349 505 434 535 illius
457 504 594 534 familiae
618 504 815 544 exemplaria
838 506 1017 539 continere3
1042 504 1329 545 perscrutabantur
1352 514 1429 534 vero
1447 504 1577 541 frustra,
1601 504 1686 541 dum,
1709 504 1750 534 20
1764 506 1856 534 annis
1869 506 2018 545 peractis,
2043 504 2099 535 Dr.
2123 513 2190 533 von

137 549 192 579 der
216 548 307 578 Mark
331 548 501 578 studiosus
525 552 556 578 et
578 547 656 577 felix
680 551 813 577 naturae
837 547 1019 589 indagator,
1049 548 1222 578 multorum
1246 548 1387 577 virorum
1410 551 1489 577 vota
1510 547 1643 588 implere
1667 549 1783 588 coepit,
1813 558 1911 589 quum
1935 552 2107 578 stratorum
2132 557 2189 576 no-

134 592 338 623 vissimorum
361 595 466 621 cretae
490 590 669 621 Senonicae
694 590 926 628 Guestfalicae,
972 601 1054 631 quae
1077 591 1257 621 nominavit
1280 591 1348 632 ipse
1380 590 1653 628 „Plattenkalke“,
1687 590 1816 621 divitias
1852 591 1940 631 apud
1964 590 2190 621 Sendenhorst

136 635 280 676 aperiret.
326 634 447 675 Magna
470 634 535 664 illie
559 634 696 674 piscium
721 636 825 675 eopia,
849 634 935 664 unde
958 633 1043 663 fama
1066 634 1216 675 insignis3
1242 645 1324 675 quae
1347 639 1453 664 tamen
1477 635 1587 664 stratis
1610 634 1692 664 inter
1714 634 1959 675 septemtriones
1982 638 2013 664 et
2037 643 2188 664 occasum

137 679 207 709 sitis
231 678 417 708 communis.
465 677 615 708 Caridum
639 688 716 707 vero
741 677 936 718 exemplaria
961 677 1277 707 Sendenhorsteusia
1301 677 1371 708 sola
1406 677 1625 718 praebuerunt
1648 688 1753 718 usque
1776 676 1817 707 ad
1841 676 1927 707 hunc
1950 677 2049 713 idem;
2085 686 2190 717 neque

136 726 251 757 tamen,
277 720 367 761 quod
391 720 463 750 sola
486 725 596 751 tenent
620 720 676 750 sed
701 722 778 761 (11113
801 725 906 751 cetera
929 720 1074 750 nondum
1098 721 1289 751 invenerunt
1311 720 1532 762 indagatorem
1556 720 1688 751 felicem.

968 865 1004 897 a.
1053 849 1353 908 Grangonidea.

292 952 516 994 Crangonidae
540 952 628 994 apud
651 952 750 982 Milne
772 951 992 991 Edwards³⁶)
1017 963 1116 983 unum
1139 952 1283 982 formant
1306 962 1408 993 genus
1433 952 1650 993 Caridumque
1680 952 1813 992 primam
1838 951 1968 987 tribum;
2014 950 2111 992 idque
2143 951 2189 981 eis

134 996 306 1026 maximum
329 997 497 1037 proprium
520 1000 585 1031 est,
616 1000 652 1026 ut
674 1000 831 1025 antennae
855 997 999 1026 internae
1023 1000 1055 1026 et
1079 999 1230 1026 externae
1255 996 1420 1035 positione
1444 1000 1583 1032 mutata,
1616 995 1749 1025 eandem
1777 994 1841 1025 fere
1865 994 1979 1024 lineam
2003 994 2187 1024 horizonta-

134 1039 205 1075 lem,
230 1049 311 1080 qnae
335 1039 466 1077 dicitur,
489 1043 628 1070 teneant.
697 1038 745 1068 De
769 1039 865 1068 Haan
888 1039 921 1069 in
944 1039 1073 1076 „Fauna
1096 1039 1277 1079 Japonica3
1312 1038 1505 1069 Crustacea“
1531 1040 1573 1079 (p.
1603 1042 1683 1079 181).
1730 1037 2005 1079 Crangonidarum
2030 1042 2061 1067 et
2084 1038 2189 1069 notio-

136 1093 206 1113 nem
231 1088 262 1113 et
284 1082 363 1113 fines
387 1087 491 1124 auget,
515 1083 635 1113 additis
660 1082 831 1123 generibus
857 1082 941 1112 Nika
964 1083 1073 1119 Risso,
1097 1082 1379 1123 Gnathophyllum
1403 1082 1467 1113 Ltr.

287 1126 358 1156 Nos
376 1127 473 1167 juxta
496 1137 597 1167 genus
621 1126 730 1156 vivum
756 1125 906 1166 Crangon
930 1125 980 1157 Fr.
1006 1126 1203 1156 collocamus
1228 1125 1354 1155 fossile:

697 1211 1048 1253 Pseudocrangon
1071 1224 1101 1243 n.
1127 1223 1156 1253 g.

698 1254 1054 1297 Pseudocrangon
1078 1254 1355 1285 tenuicaudus
1380 1265 1428 1295 sp.
1453 1265 1506 1284 un.

697 1298 775 1339 Syn.
798 1297 973 1328 Palaemon
998 1299 1214 1329 tenuicaudus
1238 1309 1268 1329 V.
1294 1298 1324 1328 d.
1350 1298 1450 1327 Mark.
1480 1300 1568 1327 1858.

287 1385 412 1426 Speciei
437 1383 668 1416 describendae
692 1385 753 1414 tria
778 1384 973 1425 exemplaria
995 1385 1153 1425 praebent
1176 1384 1350 1415 materiam:
1410 1384 1510 1414 Testa
1540 1384 1571 1412 in
1604 1383 1752 1413 omnibus
1784 1381 1957 1412 admodum
1987 1391 2189 1422 compressa,

138 1428 397 1469 cephalothorax
421 1439 492 1458 cum
516 1433 623 1459 rostro
647 1428 824 1469 perexiguo
849 1438 981 1468 parvus,
1006 1428 1138 1458 dimidia
1162 1432 1286 1458 tantuin
1311 1427 1494 1457 abdominis
1518 1425 1732 1467 longitudine.
1777 1427 1944 1455 Antennae
1968 1424 2101 1455 eandem
2125 1425 2190 1455 sere

132 1471 249 1501 lineam
273 1476 399 1508 tenent,
423 1472 479 1502 ubi
501 1472 641 1502 insertae
664 1475 756 1503 sunt:
789 1475 940 1501 externae
963 1472 1052 1512 ipsae
1077 1471 1204 1512 quidem
1230 1474 1439 1501 conservatae
1463 1480 1530 1500 non
1554 1473 1643 1504 sunt,
1674 1469 1731 1499 sed
1755 1479 1862 1498 earum
1886 1467 2044 1505 lamellae,
2071 1469 2191 1510 magni-

132 1515 246 1545 tudine
270 1515 474 1551 excellentes,
499 1526 582 1556 quae
613 1514 811 1544 constabant
835 1525 850 1544 e
873 1515 988 1544 lamine
1013 1514 1169 1545 solidiore
1193 1514 1345 1555 claraque
1368 1514 1451 1544 linea
1474 1513 1579 1543 media
1602 1512 1756 1542 distincto
1781 1517 1810 1542 et
1835 1523 1851 1540 e
1875 1521 2032 1552 processu
2055 1514 2191 1549 interno,

132 1558 287 1589 tenuiore.
332 1558 500 1589 Antennae
522 1559 679 1593 internae,
711 1557 853 1587 articulis
878 1558 1045 1588 basalibus
1070 1558 1192 1599 longis,
1218 1557 1471 1591 trimembribus,
1500 1557 1532 1586 in
1555 1555 1766 1586 fundamento
1789 1555 1957 1589 dilatatae,
1982 1556 2013 1585 in
2036 1557 2192 1596 margine-

133 1603 291 1632 exteriore
313 1602 454 1632 formant
478 1612 644 1643 squamam
668 1611 824 1637 crassam,
848 1611 950 1642 aeque
973 1601 1118 1643 longam,
1142 1606 1239 1643 atque
1268 1601 1424 1631 articulus
1449 1599 1570 1630 basalis
1595 1599 1733 1640 primus3
1779 1600 1810 1628 in
1835 1597 1976 1628 articulis
1999 1598 2118 1629 ultimis
2142 1599 2189 1630 in-

133 1648 218 1675 serta
241 1644 367 1687 flagella
391 1645 507 1682 valida,
532 1645 638 1686 longa.

285 1688 456 1719 Abdomen
480 1700 551 1718 cum
575 1688 707 1718 thorace
730 1692 816 1718 arcte
840 1688 1065 1728 conjunctum,
1090 1689 1135 1718 ita
1159 1692 1195 1718 ut
1219 1688 1305 1718 illius
1331 1687 1532 1718 continuatio
1557 1696 1627 1715 esse
1652 1684 1814 1720 videatur,
1838 1685 2013 1726 leviterque
2036 1696 2186 1716 recurva-

131 1735 208 1766 tum,
234 1732 397 1762 curiosum
420 1737 469 1762 est
493 1736 524 1762 et
544 1730 750 1773 longitudine
773 1732 925 1761 universa
948 1736 980 1761 et
1003 1735 1241 1772 segmentorum
1265 1732 1483 1771 posteriorum
1507 1728 1741 1760 attenuatione.
1807 1728 1889 1758 Mira
1913 1730 2006 1758 etiam
2029 1729 2061 1759 in
2084 1729 2186 1771 longo

131 1774 305 1805 abdomine
327 1775 531 1816 longitudine
555 1775 684 1805 excellit
709 1779 908 1815 segmentum
932 1780 1076 1810 sextum;
1124 1775 1221 1815 triplo
1246 1775 1327 1804 enin]
1352 1775 1495 1814 longius,
1523 1782 1619 1812 quam
1642 1771 1756 1809 latum,
1787 1771 1888 1812 duplo
1912 1771 2058 1812 longius,
2090 1783 2187 1813 quam

132 1818 301 1848 anteriora.
352 1818 403 1848 Ad
427 1819 561 1849 eandem
584 1820 741 1848 rationem
765 1817 895 1848 validae
918 1818 1062 1848 lamellae
1086 1818 1259 1855 caudales3
1283 1817 1432 1848 laterales
1457 1815 1638 1845 consimiles
1664 1820 1740 1845 sunt
1763 1819 1973 1844 antennarum
1996 1815 2131 1847 laminis.

288 1861 337 1892 De
359 1861 499 1903 pedibus
523 1872 628 1902 pauca
652 1861 796 1891 dicenda.
843 1861 1036 1902 Fragmenta
1058 1865 1185 1891 tantum
1208 1865 1340 1891 restant.
1386 1859 1491 1890 Pedes
1515 1858 1659 1888 thoracis
1682 1863 1810 1894 tenues,
1834 1858 1936 1899 longi,
1960 1858 2061 1888 tertiis
2084 1858 2186 1889 multo

131 1904 357 1942 validioribus,
382 1916 477 1946 quam
502 1906 607 1946 quarti
631 1909 662 1935 et
689 1905 802 1945 quinti.
853 1905 957 1935 Pedes
983 1904 1166 1935 abdominis
1192 1904 1223 1934 in
1248 1916 1313 1934 uno
1338 1908 1463 1934 tautum
1489 1901 1672 1942 exemplare
1697 1903 1775 1931 satis
1800 1901 1875 1931 clari
1899 1901 2053 1931 articulos
2078 1907 2186 1932 osten—

133 1947 215 1978 dunt
238 1950 316 1978 mire
338 1948 467 1990 longos,
492 1948 663 1978 latitudine
687 1948 805 1978 sensim
829 1948 1014 1988 sensimque
1039 1948 1243 1978 diminuente.

285 1992 417 2028 Restat,
447 1996 483 2022 ut
506 1991 712 2026 admoneam,
744 1993 775 2021 in
800 1991 1016 2032 Crangonidis
1039 1991 1223 2021 viventibus
1248 1991 1455 2020 insertionem
1480 1992 1691 2018 antennarum
1714 1989 1910 2018 internarum
1933 1988 2017 2017 intra
2040 1993 2188 2018 externas

131 2045 197 2064 11011
221 2037 342 2075 pariter
365 2035 483 2065 claram
506 2046 586 2066 esse.
632 2035 667 2065 In
692 2034 862 2075 Crangone
885 2035 985 2065 borea
1007 2034 1092 2071 Phr„
1116 2039 1152 2064 ut
1176 2034 1356 2074 exemplum
1382 2033 1519 2069 afferam,
1544 2031 1631 2061 clara
1656 2030 1785 2071 quidem
1809 2036 1867 2067 est,
1892 2030 1948 2060 sed
1971 2031 2002 2060 in
2016 2030 2186 2072 Crangone

130 2078 255 2119 vulgari
279 2078 353 2108 Fbr.
379 2089 488 2120 margo
513 2080 639 2108 interna
662 2077 863 2108 lamellarum
888 2080 1036 2108 antennis
1060 2079 1194 2108 internis
1218 2078 1345 2119 tegitur.

283 2121 505 2163 Exemplaria,
530 2132 612 2163 quae
635 2132 738 2162 usque
762 2121 804 2151 ad
828 2121 913 2151 hunc
938 2121 1020 2151 diem
1043 2121 1175 2151 inventa
1198 2125 1289 2157 sunt,
1313 2131 1331 2150 a
1356 2128 1550 2160 possessore
1575 2117 1732 2147 benevole
1756 2117 1832 2146 mihi
1857 2117 2072 2147 offerebantur
2096 2128 2183 2147 com-

130 2164 276 2204 paranda
310 2165 609 2206 componendaque.
666 2164 867 2195 Oceurerunt
900 2166 933 2195 in
966 2166 1077 2195 stratis
1111 2164 1299 2194 novissimis
1323 2163 1435 2193 Cretae
1459 2160 1680 2192 Guestfalicae
1711 2160 1799 2201 apud
1824 2160 2049 2190 Sendenhorst
2076 2171 2180 2201 prope

131 2207 255 2245 Hamm,
280 2210 430 2248 seposita
453 2212 530 2239 sunt
552 2209 584 2238 in
608 2208 801 2238 collectione
823 2207 878 2237 Dr.
903 2218 967 2238 von
991 2208 1048 2238 der
1070 2207 1172 2243 Mark,
1197 2207 1411 2238 Hammensis.

995 2338 1032 2382 b.
1081 2336 1323 2383 Penaeidea.

892 2443 917 2470 1.
953 2442 1045 2470 Genus
1067 2440 1224 2474 Ponaeus
1247 2442 1312 2470 Fbr.
1340 2443 1429 2470 1798.

284 2508 500 2546 Crustaceum,
525 2508 613 2550 quod
638 2507 818 2538 describere
842 2509 873 2537 in
898 2508 1004 2538 animo
1028 2513 1086 2543 est,
1109 2508 1306 2538 Penaeidum
1320 2507 1458 2538 familiae
1473 2506 1648 2537 attribuere
1674 2515 1765 2534 nemo
1791 2503 1931 2541 dubitet3
1955 2503 2102 2544 equidem
2126 2515 2182 2545 ge-

130 2552 195 2581 neri
220 2550 337 2581 Penaei
371 2552 513 2593 assigno.
583 2551 616 2581 Si
646 2551 717 2581 aliis
749 2553 842 2581 etiam
873 2551 1011 2581 inventis
1039 2555 1159 2581 certum
1189 2551 1351 2588 redditur,
1379 2556 1590 2581 antennarum
1619 2549 1815 2578 internarum
1846 2546 2014 2577 articulum
2037 2547 2179 2577 basalem

131 2598 286 2635 quattuor
308 2595 455 2635 partibus
479 2596 694 2635 compositum
718 2605 790 2624 esse
813 2600 1016 2635 cunctosque
1039 2594 1183 2624 thoracis
1208 2594 1309 2635 pedes
1333 2593 1595 2635 monodactylos,
1620 2592 1698 2621 haec
1722 2591 1846 2631 species
1871 2590 1912 2619 ad
1936 2600 2054 2620 novum
2078 2601 2179 2631 genus

130 2637 336 2677 provehatur,
360 2639 462 2679 iisque
486 2638 656 2679 generibus
680 2637 918 2679 monodactylis
941 2637 1140 2667 Penaeidum
1164 2637 1343 2668 adserenda
1367 2638 1416 2673 sit,
1443 2647 1526 2678 quae
1551 2647 1569 2666 3
1593 2637 1710 2665 comite
1733 2634 1880 2664 Msmster
1903 2640 2096 2673 acceperunt
2120 2644 2178 2663 no-

130 2690 208 2710 men.
254 2680 395 2718 Quarum
420 2682 565 2712 conditio
590 2681 652 2711 hoc
676 2680 838 2711 schemate
861 2680 1015 2711 illustrari
1039 2686 1164 2721 potest:

284 2801 318 2833 ¹⁶)
341 2800 413 2831 1837,
432 2800 462 2825 '11
484 2801 513 2826 11.
534 2809 549 2833 p
577 2800 635 2826 339.
