2308 2946
1100 123 1119 172 9.

600 227 865 258 Podocrates
893 228 1126 259 Diilmensis
1149 226 1254 257 Becks
1280 226 1371 261 1850,
1397 226 1464 256 sine
1489 226 1612 268 diagn.!

240 288 504 330 Cephalothorax
528 288 720 329 depressus,
744 287 877 328 planus,
902 288 1030 330 angulis
1052 289 1165 323 rectis3
1188 288 1223 317 in
1246 286 1328 317 duas
1352 290 1461 326 partes
1475 286 1598 316 divisus
1623 286 1715 316 sulco
1739 287 1918 327 profundo,
1941 287 2023 324 lato,
2047 293 2133 320 retro

87 337 241 366 curvato,
266 332 347 361 infra
373 331 496 361 carinas
520 330 713 372 marginales
738 330 935 371 pelviformi.
960 342 1074 361 versus
1089 332 1262 371 marginem
1278 340 1406 359 cursum
1429 329 1575 359 flectente
1601 334 1631 359 et
1656 330 1772 359 sensim
1796 330 1929 370 planato
1953 335 2134 372 testamque

87 377 336 416 constringente.
382 374 418 403 ln
442 373 541 403 latere
565 375 677 404 sulcus
698 373 871 404 admodum
897 377 1045 404 sinuatus
1068 374 1201 414 oblique
1231 374 1394 413 procurrit
1423 374 1455 402 in
1486 379 1578 412 parte
1608 372 1771 410 inferiore,
1801 373 1878 403 dum
1906 374 2022 404 lineam
2051 375 2133 406 labri

86 419 151 449 fere
175 418 342 458 adaequat.
371 435 404 439 —
431 416 533 447 Testa
556 419 660 447 antice
683 417 859 457 applanata
883 428 984 458 aeque
1008 428 1045 447 ac
1068 419 1101 447 in
1125 417 1259 446 Thenus
1284 416 1420 445 vivente.
1466 415 1579 456 Margo
1610 416 1750 446 anterior
1778 417 1890 456 iniqua
1921 420 1970 447 est
1998 428 2133 458 procur-

88 463 178 493 sibus
202 460 368 491 nonnullis
393 460 577 501 angulosis,
602 470 739 501 quorum
762 460 857 489 medii
881 471 947 490 una
972 471 1043 490 cum
1071 461 1181 501 parvis
1213 460 1316 499 spinis
1346 463 1489 488 rostrum
1520 458 1668 488 formant.
1716 459 1849 489 Carinae
1878 460 2071 501 marginales
2102 463 2134 492 in

85 510 177 546 parte
201 505 359 533 anteriore
384 508 534 533 curvatae
558 514 670 533 versus
699 506 841 532 rostrum
871 508 1082 544 convergunt.
1128 501 1273 543 Utraque
1301 503 1394 531 trinis
1418 501 1469 531 vel
1494 503 1660 541 quaternis
1690 502 1868 532 tuberculis
1900 507 2023 535 ornata.
2068 504 2133 541 Pro

87 549 195 578 carina
216 545 321 576 media
344 550 418 575 ante
442 546 567 576 sulcum
591 546 778 576 cervicalem
803 550 941 587 surgunt
965 550 1107 587 quatuor
1131 545 1298 576 tubercula
1322 544 1363 574 ad
1386 546 1488 574 instar
1512 544 1662 584 quadrati
1686 545 1857 586 disposita.

238 589 320 619 Pars
341 589 443 629 major
465 594 568 619 testae
590 593 670 630 post
684 589 809 619 sulcum
823 590 1012 619 cervicalem
1025 591 1105 619 sitae
1128 589 1266 629 insignis
1291 592 1341 617 est
1362 588 1467 617 tribus
1488 587 1604 617 carinis
1622 587 1731 623 claris,
1755 599 1821 618 una
1836 588 1981 625 centrali,
2006 589 2133 621 duabus

87 632 332 673 marginalibus,
358 642 491 672 quarum
507 643 652 673 quaeque
665 642 781 673 magno
808 643 941 662 numero
965 632 1209 662 tuberculorum
1232 641 1429 668 crassorum,
1452 630 1666 660 rotundorum
1683 636 1805 661 ornata.
1852 631 1942 670 Quae
1965 633 2135 674 interjacet

86 680 187 711 testa,
213 677 339 705 consita
363 680 412 705 est
433 675 601 715 permultis
626 675 769 716 granulis
793 675 984 716 gracilibus,
1012 677 1097 705 inter
1121 685 1204 716 quos
1236 673 1402 704 nonnullis
1433 673 1610 703 tuberculis
1634 674 1872 705 elevatioribus.
1919 675 2033 717 Margo
2056 687 2133 718 pos-

86 719 185 749 terior
208 718 384 748 constricta
407 723 456 747 est
479 718 569 748 sulco
594 718 767 749 admodum
790 718 970 759 profundo,
994 720 1100 748 minus
1124 718 1203 748 lato.

241 760 420 801 Praerupta
443 765 545 791 testae
568 761 669 792 latera
693 761 865 802 scalpturis
890 762 1019 791 curiosa
1047 766 1131 791 sunt.
1177 760 1227 791 Ex
1256 760 1322 790 alto
1353 769 1527 800 processu,
1558 761 1613 800 qui
1643 771 1729 801 pone
1760 760 1932 791 incisuram
1960 760 2132 799 lateralem,

87 804 180 835 sulco
206 804 353 834 cervicali
377 804 535 840 effectam,
561 806 642 835 situs
667 808 732 840 est,
761 804 897 834 152-20
922 805 1005 834 sulci
1028 808 1141 834 tenues
1164 803 1294 834 radjant
1321 802 1452 843 oblique
1483 804 1515 832 in
1539 807 1662 843 partem
1690 803 1870 834 inferiorem
1902 807 2015 837 testae,
2059 805 2133 835 Ele-

86 848 235 877 vationes
260 849 342 876 inter
365 847 476 877 sulcos
495 848 642 887 jacentes
667 851 799 878 ornatae
823 851 900 877 sunt
923 847 1100 889 gracilibus
1124 846 1308 889 grannulis,
1332 847 1365 875 in
1387 849 1480 885 parte
1505 846 1656 877 inferiore
1680 846 1885 884 clarioribus,
1915 857 2029 878 versus
2051 859 2133 878 mar-

88 892 193 932 ginem
217 892 413 930 superiorem
438 890 671 922 detritioribus,

242 933 393 963 Sternum
417 932 458 962 ad
481 935 584 963 instar
606 934 724 975 trigoni
748 933 919 963 formatum
950 933 1143 963 latissimum
1167 937 1231 969 est,
1263 931 1352 973 quod
1376 941 1392 961 e
1417 930 1488 961 sola
1509 930 1613 961 forma
1641 931 1706 961 lata
1730 932 1886 974 depressa
1914 933 2015 964 totius
2047 945 2135 965 crus-

92 977 173 1006 tacei
197 975 390 1006 concludere
413 976 495 1008 licet,

239 1018 276 1049 In
300 1023 537 1060 segmentorum
560 1019 791 1050 insertionibus
816 1019 941 1061 aliquae
955 1019 1189 1060 depressiones
1212 1021 1387 1059 apparent,
1412 1019 1444 1047 in
1463 1016 1566 1047 ultimi
1590 1020 1745 1059 segmenti
1758 1021 1900 1060 margine
1924 1019 2134 1051 tuberculum.

238 1061 409 1103 Epistoma
429 1062 628 1093 latissimum.

240 1104 425 1135 Tubercula
449 1105 579 1135 auditus
603 1105 781 1135 clarissima
804 1110 987 1136 cernuntur.

238 1148 428 1188 Abdominis
457 1152 621 1190 segmenta
657 1148 723 1178 duo
754 1153 878 1178 tantum
902 1148 1042 1189 reliqua,
1066 1149 1223 1182 carinata,
1248 1146 1456 1183 tectiformia3
1480 1146 1614 1176 alterum
1630 1146 1742 1181 breve,
1766 1150 1949 1177 transverse
1972 1152 2004 1178 et
2027 1148 2135 1189 dupli-

91 1192 169 1222 citer
193 1191 368 1227 sulcatum3
392 1193 424 1221 in
448 1192 548 1221 altero
574 1191 685 1222 sulcus
708 1192 833 1222 medius
856 1196 942 1222 retro
966 1191 1104 1221 inflexus
1127 1201 1192 1221 una
1215 1201 1285 1220 cum
1308 1190 1449 1231 margine
1472 1190 1653 1230 posteriore
1675 1190 1837 1231 trigonum
1865 1190 1985 1221 format
2009 1191 2134 1223 obtusis

90 1235 231 1276 angulis,
258 1234 346 1275 quod
371 1234 466 1264 etiam
488 1235 771 1265 animadvertimus
796 1235 827 1264 in
850 1234 1037 1265 Podocrate
1060 1233 1287 1275 scyllariformi
1310 1233 1389 1263 Bell.

241 1277 375 1308 Carinae
398 1278 548 1308 centralis
572 1282 604 1308 et
626 1278 816 1319 marginales
839 1277 1072 1308 tuberculosae.
1118 1276 1341 1318 Epimerorum
1366 1279 1510 1317 quamvis
1533 1277 1669 1316 vestigia
1692 1275 1780 1306 haud
1806 1275 1904 1306 dubia
1927 1277 2005 1313 sint,
2030 1288 2135 1319 neque

87 1320 276 1362 magnitudo
312 1331 416 1361 neque
451 1321 554 1351 forma
587 1321 721 1351 indicari
758 1325 877 1362 potest.
924 1321 1066 1352 I.11.111.
1092 1320 1148 1350 IV.
1173 1320 1274 1361 pedes
1308 1319 1511 1349 branchiales
1547 1319 1760 1359 subaequales
1793 1319 1894 1360 longi,
1932 1326 2044 1351 tenues
2068 1322 2134 1351 sine

88 1364 188 1394 dubio
212 1363 444 1405 monodactyli,
489 1364 613 1394 Horum
644 1364 775 1394 alterius
799 1364 1012 1406 fragmentum
1037 1363 1116 1394 28‘¹‘
1148 1363 1280 1405 longum
1312 1367 1538 1393 conservatum
1568 1367 1624 1392 est.
1672 1362 1794 1392 vorum
1824 1362 1926 1393 femur
1954 1364 2135 1404 paullulum

88 1406 293 1449 graciliorum
325 1407 475 1437 deorsum
506 1412 536 1437 et
565 1412 650 1437 retro
680 1411 829 1438 retracta.
875 1407 1018 1437 Alterius
1043 1408 1137 1437 etiam
1161 1417 1244 1437 coxa
1268 1407 1408 1436 cernitur
1437 1406 1538 1446 pedes
1562 1405 1738 1435 anteriores
1762 1409 1891 1446 tegens3
1921 1416 1960 1436 an
1990 1406 2072 1437 forte
2095 1417 2134 1437 an

86 1455 202 1481 natura
225 1450 404 1490 dijudicare
427 1461 494 1480 non
517 1451 630 1480 audeo.

239 1493 445 1523 Maxillarum
469 1493 599 1523 ultimae
623 1498 748 1524 tantum
772 1498 962 1534 supersunt,
987 1504 1107 1534 eaeque
1132 1494 1237 1522 miuus
1262 1491 1376 1523 clarae.
1412 1491 1513 1522 Erant
1538 1495 1642 1521 autem
1666 1491 1800 1533 longae,
1823 1496 1951 1528 tenues,
1976 1494 2008 1522 in
2031 1503 2133 1523 exem-

86 1536 177 1577 plare
199 1537 320 1577 majore
344 1537 467 1567 labrum
492 1539 641 1577 superius
665 1537 758 1567 etiam
781 1542 981 1578 superantes.

240 1579 289 1609 De
312 1580 568 1610 mandibularum
591 1580 814 1622 magnitudine
842 1584 873 1610 et
902 1581 1018 1610 robore
1044 1580 1111 1620 jam
1135 1579 1318 1608 memoravi.
1364 1577 1537 1618 Palparum
1568 1578 1760 1607 insertiones
1791 1581 1823 1609 in
1855 1579 2003 1609 omnibus
2030 1589 2134 1610 exem-

87 1622 232 1663 plaribus
257 1627 442 1653 cernuntur.

242 1665 384 1707 Linguae
407 1666 684 1701 membranaceae,
709 1666 934 1707 cartilagineae
958 1666 1144 1705 bipartitae,
1168 1668 1204 1694 ut
1220 1663 1360 1699 videtur,
1385 1663 1574 1704 perduravit
1596 1674 1663 1693 non
1687 1665 1792 1695 solnm
1818 1665 1935 1701 forma,
1959 1665 2016 1695 sed
2041 1667 2134 1695 etiam

89 1708 182 1739 color
205 1712 287 1743 ater,
312 1709 405 1739 valde
429 1709 617 1750 discrepans
641 1720 660 1739 a
682 1709 940 1739 mandibularum
964 1709 1048 1738 albo.

241 1752 409 1782 Antennae
423 1757 571 1782 externae
594 1752 804 1787 fortissimae,
831 1763 911 1793 quae
924 1757 1092 1782 crustaceo
1116 1761 1234 1780 nomen
1256 1750 1494 1790 imposuerunt,
1517 1749 1621 1780 forma
1634 1751 1852 1781 curiosissima
1876 1755 1961 1781 sunt.
1996 1751 2133 1781 Articuli

87 1794 215 1824 basales
239 1795 333 1825 medii
358 1803 435 1826 sunt
458 1797 540 1825 inter
562 1796 679 1836 planos
704 1795 955 1837 Seyllaridarum
986 1800 1016 1825 et
1040 1794 1201 1824 rotundos
1225 1793 1461 1823 Palinurorum.
1507 1793 1543 1823 In
1567 1795 1707 1834 margine
1732 1799 1864 1824 externa
1894 1794 2020 1834 spinosi
2050 1796 2135 1825 sicut

86 1847 162 1877 pars
187 1840 329 1868 anterior
352 1838 652 1879 cephalothoracis,
680 1839 823 1868 internae
846 1839 964 1880 glabri;
995 1848 1072 1879 pars
1097 1839 1246 1877 superior
1269 1836 1388 1866 crebris
1413 1837 1539 1866 consita
1568 1836 1761 1873 tuberculis3
1791 1837 1921 1867 inferior
1949 1839 2133 1878 perpaucis,

86 1880 142 1910 sed
166 1880 444 1921 longitudinaliter
468 1882 603 1913 sulcata.
638 1882 780 1923 Flagella
803 1882 1018 1923 negligentius
1042 1880 1208 1910 contuenti
1232 1880 1307 1909 bina
1330 1881 1433 1920 primo
1457 1880 1574 1909 baseos
1600 1880 1734 1909 articulo
1758 1881 1877 1910 inserta
1891 1890 1960 1910 esse
1973 1880 2132 1912 videntur.

85 1923 196 1954 Talem
220 1925 409 1955 anomaliam
435 1925 582 1965 equidem
604 1926 703 1955 nolim
727 1925 880 1965 accipere,
928 1926 1012 1954 Sunt
1036 1929 1142 1953 autem
1165 1922 1291 1964 flagella
1315 1922 1406 1952 sulco
1430 1922 1658 1963 longitudinali
1682 1923 1857 1953 dimidiata.
1899 1923 2059 1964 Exemplo
2084 1928 2134 1954 est

83 1966 256 1997 Palinurus
279 1967 443 2009 Trigonus
468 1968 554 1999 Sieb.
569 1969 595 2005 ⁶)
641 1968 713 1998 Tali
736 1969 835 2009 igitur
859 1967 949 1998 sulco
972 1966 1198 2008 longitudinali
1223 1966 1320 2007 hujus
1347 1966 1439 1995 etiam
1462 1965 1660 1996 Podocratis
1684 1966 1870 1996 Diilmensis
1900 1965 2027 2007 flagella
2058 1977 2132 1996 exa-

82 2014 152 2039 rata
176 2020 247 2040 esse
270 2011 440 2041 verisimile
464 2011 559 2042 duco.

235 2053 454 2084 Antennarum
478 2052 674 2084 internarum
695 2054 809 2084 unicus
827 2053 981 2084 articulus
1001 2053 1122 2084 basalis
1137 2056 1296 2093 superest.
1331 2051 1390 2082 Est
1407 2056 1513 2082 autem
1534 2051 1686 2082 deorsum
1708 2056 1882 2089 retractus,
1906 2062 1958 2088 ea,
1983 2052 2131 2093 conjicio,

82 2095 122 2126 de
146 2106 277 2133 caussa,
304 2097 393 2137 quod
416 2108 610 2138 progressus
633 2097 846 2128 horizontalis
870 2101 1081 2127 antennarum
1097 2100 1303 2126 externarum
1321 2097 1509 2126 extensione
1531 2095 1686 2126 radicitus
1710 2095 1900 2136 impeditur,
1926 2095 2013 2136 quod
2038 2097 2133 2125 etiam

81 2139 114 2169 in
137 2139 297 2170 Palinuris
321 2140 516 2172 viventibus.

234 2183 422 2219 Crustacea,
453 2194 534 2225 quae
565 2183 741 2224 descripsi,
772 2183 899 2214 detecta
932 2183 1061 2213 suntin
1095 2183 1184 2213 saxis
1214 2182 1437 2213 subsenonicis
1461 2192 1564 2222 prope
1588 2182 1742 2217 Diilmen3
1773 2181 1907 2211 alterum
1931 2181 2132 2212 collectionis

79 2225 345 2257 Monasteriensis
370 2232 436 2263 est,
461 2227 593 2256 alterum
617 2237 729 2257 meum.

894 2364 951 2412 11.
1013 2363 1306 2412 Thalassina.
1326 2356 1331 2361 ’

820 2460 912 2488 Genus
934 2456 1154 2491 Callianassa.
1181 2458 1275 2486 Leach
1302 2459 1391 2486 1814.

846 2517 924 2559 Syn.
937 2516 1139 2557 Mesostylus
1150 2516 1261 2546 Bronn
1277 2519 1367 2547 1852.

234 2584 504 2615 Callianassarum
536 2596 674 2626 corpora
708 2587 752 2616 ita
785 2590 862 2616 sunt
884 2585 996 2616 mollia
1019 2589 1117 2625 atque
1146 2589 1269 2622 tenera,
1298 2589 1334 2614 ut
1362 2583 1488 2614 fossilia
1516 2583 1657 2613 invenire
1680 2583 1734 2613 vix
1762 2593 1890 2623 sperare
1912 2584 2037 2623 possis,
2069 2582 2130 2612 nisi

78 2632 203 2668 praeter
230 2632 353 2658 ceteros
376 2628 508 2658 fortuna
531 2628 710 2670 adjuvaris.
757 2628 874 2659 Ghelae
898 2639 974 2659 vero
1005 2628 1129 2659 solidae
1152 2634 1250 2669 atque
1274 2638 1387 2657 arenae
1418 2626 1607 2657 excitandae
1635 2625 1770 2657 idoneae
1799 2625 2034 2667 lapidescentes
2057 2636 2130 2666 per-

231 2766 253 2798 ὁ)
272 2765 360 2790 Fauna
378 2765 426 2798 Jap
456 2774 479 2799 p.
501 2765 557 2790 157.
578 2770 596 2791 t.
614 2766 654 2792 39.
675 2766 714 2792 40.
